<?xml version="1.0" encoding="UTF-8"?>
<!DOCTYPE html PUBLIC "-//W3C//DTD XHTML 1.0 Transitional//EN"
    "http://www.w3.org/TR/xhtml1/DTD/xhtml1-transitional.dtd">
<html xmlns="http://www.w3.org/1999/xhtml" xml:lang="en" lang="en">
 <head>
  <title>
</title>
<meta http-equiv="Content-Type" content="text/html;charset=utf-8" />
  <meta name='ocr-system' content='tesseract 3.04.00' />
  <meta name='ocr-capabilities' content='ocr_page ocr_carea ocr_par ocr_line ocrx_word'/>
</head>
<body>
  <div class='ocr_page' id='page_1' title='image "bibliothecaclas108lemagoog_0067.png"; bbox 0 0 2854 4992; ppageno 0'>
   <div class='ocr_carea' id='block_1_1' title="bbox 128 523 1193 556">
    <p class='ocr_par' dir='ltr' id='par_1_1' title="bbox 128 523 1193 556">
     <span class='ocr_line' id='line_1_1' title="bbox 128 523 1193 556; baseline -0.005 0"><span class='ocrx_word' id='word_1_1' title='bbox 128 523 1193 556; x_wconf 58' lang='lat' dir='ltr'><strong>mmmmmmmmmm</strong></span> 
     </span>
    </p>
   </div>
   <div class='ocr_carea' id='block_1_2' title="bbox 408 784 894 894">
    <p class='ocr_par' dir='ltr' id='par_1_2' title="bbox 408 784 894 894">
     <span class='ocr_line' id='line_1_2' title="bbox 408 784 894 894; baseline -0.004 0"><span class='ocrx_word' id='word_1_2' title='bbox 408 784 786 894; x_wconf 83' lang='lat' dir='ltr'><strong>EPISTOLA</strong></span> <span class='ocrx_word' id='word_1_3' title='bbox 823 789 894 894; x_wconf 94' lang='grc' dir='ltr'><strong>ΙΙ.</strong></span> 
     </span>
    </p>
   </div>
   <div class='ocr_carea' id='block_1_3' title="bbox 537 1115 779 1142">
    <p class='ocr_par' dir='ltr' id='par_1_3' title="bbox 537 1115 779 1142">
     <span class='ocr_line' id='line_1_3' title="bbox 537 1115 779 1142; baseline -0.008 -6"><span class='ocrx_word' id='word_1_4' title='bbox 537 1115 779 1142; x_wconf 52' lang='lat' dir='ltr'><strong>a*</strong></span> 
     </span>
    </p>
   </div>
   <div class='ocr_carea' id='block_1_4' title="bbox 264 1495 1051 1654">
    <p class='ocr_par' dir='ltr' id='par_1_4' title="bbox 264 1495 1051 1654">
     <span class='ocr_line' id='line_1_4' title="bbox 264 1495 1051 1654; baseline -0.001 -12"><span class='ocrx_word' id='word_1_5' title='bbox 264 1555 529 1654; x_wconf 74' lang='lat' dir='ltr'><strong>eureus</strong></span> <span class='ocrx_word' id='word_1_6' title='bbox 554 1495 1051 1642; x_wconf 80' lang='lat' dir='ltr'><strong>onoroerroonrr.</strong></span> 
     </span>
    </p>
   </div>
   <div class='ocr_carea' id='block_1_5' title="bbox 122 1901 1110 2266">
    <p class='ocr_par' dir='ltr' id='par_1_5' title="bbox 122 1901 1110 2266">
     <span class='ocr_line' id='line_1_5' title="bbox 127 1901 1110 2033; baseline 0 -29"><span class='ocrx_word' id='word_1_7' title='bbox 127 1901 349 2018; x_wconf 71' lang='lat' dir='ltr'><strong>Hostltt,</strong></span> <span class='ocrx_word' id='word_1_8' title='bbox 368 1929 608 2032; x_wconf 87' lang='lat' dir='ltr'><strong>Demophoon,</strong></span> <span class='ocrx_word' id='word_1_9' title='bbox 626 1947 684 2006; x_wconf 92' lang='lat' dir='ltr'><strong>tua</strong></span> <span class='ocrx_word' id='word_1_10' title='bbox 700 1947 733 2006; x_wconf 89' lang='lat' dir='ltr'><strong>te</strong></span> <span class='ocrx_word' id='word_1_11' title='bbox 749 1929 950 2033; x_wconf 82' lang='lat' dir='ltr'><strong>Rhodopeia</strong></span> <span class='ocrx_word' id='word_1_12' title='bbox 966 1928 1110 2032; x_wconf 90' lang='lat' dir='ltr'><strong>Phyllis·</strong></span> 
     </span>
     <span class='ocr_line' id='line_1_6' title="bbox 170 2046 916 2149; baseline -0.003 -29"><span class='ocrx_word' id='word_1_13' title='bbox 170 2046 270 2122; x_wconf 87' lang='lat' dir='ltr'><strong>Ultra</strong></span> <span class='ocrx_word' id='word_1_14' title='bbox 285 2047 487 2149; x_wconf 89' lang='lat' dir='ltr'><strong>promissum</strong></span> <span class='ocrx_word' id='word_1_15' title='bbox 505 2065 635 2149; x_wconf 85' lang='lat' dir='ltr'><strong>tempus</strong></span> <span class='ocrx_word' id='word_1_16' title='bbox 652 2047 767 2121; x_wconf 87' lang='lat' dir='ltr'><strong>abesse</strong></span> <span class='ocrx_word' id='word_1_17' title='bbox 786 2075 916 2148; x_wconf 90' lang='lat' dir='ltr'><strong>queror.</strong></span> 
     </span>
     <span class='ocr_line' id='line_1_7' title="bbox 122 2161 1030 2266; baseline -0.004 -28"><span class='ocrx_word' id='word_1_18' title='bbox 122 2165 261 2238; x_wconf 81' lang='lat' dir='ltr'><strong>Cornua</strong></span> <span class='ocrx_word' id='word_1_19' title='bbox 279 2191 383 2264; x_wconf 91' lang='lat' dir='ltr'><strong>quum</strong></span> <span class='ocrx_word' id='word_1_20' title='bbox 399 2165 502 2238; x_wconf 83' lang='lat' dir='ltr'><strong>Lunae</strong></span> <span class='ocrx_word' id='word_1_21' title='bbox 519 2161 621 2266; x_wconf 91' lang='lat' dir='ltr'><strong>pleno</strong></span> <span class='ocrx_word' id='word_1_22' title='bbox 639 2179 756 2264; x_wconf 87' lang='lat' dir='ltr'><strong>quater</strong></span> <span class='ocrx_word' id='word_1_23' title='bbox 772 2162 854 2238; x_wconf 88' lang='lat' dir='ltr'><strong>orbe</strong></span> <span class='ocrx_word' id='word_1_24' title='bbox 871 2161 1030 2249; x_wconf 89' lang='lat' dir='ltr'><strong>coissent,</strong></span> 
     </span>
    </p>
   </div>
   <div class='ocr_carea' id='block_1_6' title="bbox 55 2405 1199 3728">
    <p class='ocr_par' dir='ltr' id='par_1_6' title="bbox 55 2405 1199 3728">
     <span class='ocr_line' id='line_1_8' title="bbox 155 2405 1192 2478; baseline -0.004 -16"><span class='ocrx_word' id='word_1_25' title='bbox 155 2429 176 2462; x_wconf 87' lang='lat'><strong>1.</strong></span> <span class='ocrx_word' id='word_1_26' title='bbox 193 2409 313 2476; x_wconf 76' lang='lat' dir='ltr'><strong>Hospita.</strong></span> <span class='ocrx_word' id='word_1_27' title='bbox 331 2406 401 2476; x_wconf 78' lang='lat' dir='ltr'><strong>Quae</strong></span> <span class='ocrx_word' id='word_1_28' title='bbox 419 2417 445 2462; x_wconf 87' lang='lat' dir='ltr'><strong>te</strong></span> <span class='ocrx_word' id='word_1_29' title='bbox 461 2405 573 2478; x_wconf 87' lang='lat' dir='ltr'><strong>hospitio</strong></span> <span class='ocrx_word' id='word_1_30' title='bbox 588 2427 634 2462; x_wconf 82' lang='lat' dir='ltr'><strong>ex·</strong></span> <span class='ocrx_word' id='word_1_31' title='bbox 681 2407 760 2462; x_wconf 87' lang='lat' dir='ltr'><strong>tertio</strong></span> <span class='ocrx_word' id='word_1_32' title='bbox 776 2406 930 2473; x_wconf 58' lang='lat' dir='ltr'><strong>admiserim</strong></span> <span class='ocrx_word' id='word_1_33' title='bbox 949 2406 971 2462; x_wconf 93' lang='lat' dir='ltr'><strong>si</strong></span> <span class='ocrx_word' id='word_1_34' title='bbox 986 2415 1079 2461; x_wconf 83' lang='lat' dir='ltr'><strong>contra</strong></span> <span class='ocrx_word' id='word_1_35' title='bbox 1097 2409 1192 2470; x_wconf 75' lang='lat' dir='ltr'><strong>semel,</strong></span> 
     </span>
     <span class='ocr_line' id='line_1_9' title="bbox 121 2484 1194 2556; baseline -0.002 -16"><span class='ocrx_word' id='word_1_36' title='bbox 121 2486 195 2556; x_wconf 82' lang='lat' dir='ltr'><strong>cepit.</strong></span> <span class='ocrx_word' id='word_1_37' title='bbox 214 2485 335 2540; x_wconf 71' lang='grc'>0101111.</span> <span class='ocrx_word' id='word_1_38' title='bbox 352 2513 386 2527; x_wconf 90' lang='grc'>-</span> <span class='ocrx_word' id='word_1_39' title='bbox 402 2487 574 2554; x_wconf 80' lang='lat' dir='ltr'><strong>Demophoon.</strong></span> <span class='ocrx_word' id='word_1_40' title='bbox 590 2485 634 2540; x_wconf 89' lang='lat' dir='ltr'><strong>De</strong></span> <span class='ocrx_word' id='word_1_41' title='bbox 681 2496 899 2556; x_wconf 83' lang='lat' dir='ltr'><strong>tuncpostunum</strong></span> <span class='ocrx_word' id='word_1_42' title='bbox 907 2505 1038 2552; x_wconf 86' lang='lat' dir='ltr'><strong>mensem,</strong></span> <span class='ocrx_word' id='word_1_43' title='bbox 1048 2494 1078 2538; x_wconf 93' lang='lat' dir='ltr'><strong>ut</strong></span> <span class='ocrx_word' id='word_1_44' title='bbox 1086 2484 1194 2538; x_wconf 83' lang='lat' dir='ltr'><strong>voluere</strong></span> 
     </span>
     <span class='ocr_line' id='line_1_10' title="bbox 121 2561 1195 2636; baseline -0.002 -19"><span class='ocrx_word' id='word_1_45' title='bbox 121 2563 328 2634; x_wconf 88' lang='lat' dir='ltr'><strong>Demophoonte</strong></span> <span class='ocrx_word' id='word_1_46' title='bbox 340 2574 367 2617; x_wconf 90' lang='lat' dir='ltr'><strong>et</strong></span> <span class='ocrx_word' id='word_1_47' title='bbox 379 2561 515 2636; x_wconf 84' lang='lat' dir='ltr'><strong>Phyllide,</strong></span> <span class='ocrx_word' id='word_1_48' title='bbox 528 2564 564 2617; x_wconf 88' lang='lat' dir='ltr'><strong>sic</strong></span> <span class='ocrx_word' id='word_1_49' title='bbox 573 2563 635 2636; x_wconf 83' lang='lat' dir='ltr'><strong>Hy·</strong></span> <span class='ocrx_word' id='word_1_50' title='bbox 684 2562 821 2618; x_wconf 87' lang='lat' dir='ltr'><strong>Ciolanius</strong></span> <span class='ocrx_word' id='word_1_51' title='bbox 836 2575 863 2618; x_wconf 84' lang='lat' dir='ltr'><strong>et</strong></span> <span class='ocrx_word' id='word_1_52' title='bbox 875 2562 1013 2634; x_wconf 70' lang='lat' dir='ltr'><strong>Crispinus</strong></span> <span class='ocrx_word' id='word_1_53' title='bbox 1025 2581 1032 2617; x_wconf 76' lang='grc' dir='ltr'><strong><em>ε</em></strong></span> <span class='ocrx_word' id='word_1_54' title='bbox 1044 2561 1090 2616; x_wconf 88' lang='lat' dir='ltr'><strong>sed</strong></span> <span class='ocrx_word' id='word_1_55' title='bbox 1101 2562 1134 2616; x_wconf 88' lang='lat' dir='ltr'><strong>de</strong></span> <span class='ocrx_word' id='word_1_56' title='bbox 1145 2561 1195 2616; x_wconf 83' lang='lat' dir='ltr'><strong>hac</strong></span> 
     </span>
     <span class='ocr_line' id='line_1_11' title="bbox 121 2639 1193 2712; baseline -0.004 -16"><span class='ocrx_word' id='word_1_57' title='bbox 121 2642 327 2712; x_wconf 63' lang='lat' dir='ltr'><strong>pinus,1.1x:«</strong></span> <span class='ocrx_word' id='word_1_58' title='bbox 340 2639 519 2711; x_wconf 89' lang='lat' dir='ltr'><strong>Demophoon</strong></span> <span class='ocrx_word' id='word_1_59' title='bbox 537 2640 634 2696; x_wconf 88' lang='lat' dir='ltr'><strong>Thesei</strong></span> <span class='ocrx_word' id='word_1_60' title='bbox 681 2641 774 2695; x_wconf 87' lang='lat' dir='ltr'><strong>ultima</strong></span> <span class='ocrx_word' id='word_1_61' title='bbox 795 2640 921 2711; x_wconf 88' lang='lat' dir='ltr'><strong>opinione</strong></span> <span class='ocrx_word' id='word_1_62' title='bbox 948 2639 1007 2694; x_wconf 83' lang='lat' dir='ltr'><strong>vide</strong></span> <span class='ocrx_word' id='word_1_63' title='bbox 1021 2649 1193 2710; x_wconf 85' lang='lat' dir='ltr'><strong>¹sequentem</strong></span> 
     </span>
     <span class='ocr_line' id='line_1_12' title="bbox 121 2718 782 2792; baseline 0.002 -21"><span class='ocrx_word' id='word_1_64' title='bbox 121 2718 188 2773; x_wconf 82' lang='lat' dir='ltr'><strong>filius</strong></span> <span class='ocrx_word' id='word_1_65' title='bbox 212 2719 242 2772; x_wconf 89' lang='lat' dir='ltr'><strong>in</strong></span> <span class='ocrx_word' id='word_1_66' title='bbox 260 2719 375 2773; x_wconf 85' lang='lat' dir='ltr'><strong>Thracia</strong></span> <span class='ocrx_word' id='word_1_67' title='bbox 392 2719 425 2773; x_wconf 89' lang='lat' dir='ltr'><strong>ad</strong></span> <span class='ocrx_word' id='word_1_68' title='bbox 445 2718 586 2792; x_wconf 83' lang='lat' dir='ltr'><strong>Phyllidem</strong></span> <span class='ocrx_word' id='word_1_69' title='bbox 604 2719 634 2772; x_wconf 84' lang='lat' dir='ltr'><strong>in</strong></span> <span class='ocrx_word' id='word_1_70' title='bbox 681 2729 782 2774; x_wconf 80' lang='lat' dir='ltr'><strong>notam.</strong></span> 
     </span>
     <span class='ocr_line' id='line_1_13' title="bbox 120 2795 1195 2868; baseline -0.001 -19"><span class='ocrx_word' id='word_1_71' title='bbox 120 2795 264 2868; x_wconf 74' lang='lat' dir='ltr'><strong>hospitium</strong></span> <span class='ocrx_word' id='word_1_72' title='bbox 276 2797 372 2851; x_wconf 86' lang='lat' dir='ltr'><strong>dieitur</strong></span> <span class='ocrx_word' id='word_1_73' title='bbox 386 2797 501 2864; x_wconf 85' lang='lat' dir='ltr'><strong>venisse,</strong></span> <span class='ocrx_word' id='word_1_74' title='bbox 520 2807 547 2850; x_wconf 90' lang='lat' dir='ltr'><strong>et</strong></span> <span class='ocrx_word' id='word_1_75' title='bbox 558 2797 590 2850; x_wconf 85' lang='lat' dir='ltr'><strong>ab</strong></span> <span class='ocrx_word' id='word_1_76' title='bbox 602 2815 634 2850; x_wconf 88' lang='lat' dir='ltr'><strong>ea</strong></span> <span class='ocrx_word' id='word_1_77' title='bbox 715 2797 739 2850; x_wconf 81' lang='lat'><strong>3.</strong></span> <span class='ocrx_word' id='word_1_78' title='bbox 754 2799 835 2851; x_wconf 78' lang='lat' dir='ltr'><strong>Pleno</strong></span> <span class='ocrx_word' id='word_1_79' title='bbox 846 2802 940 2867; x_wconf 77' lang='lat' dir='ltr'><strong>quater.</strong></span> <span class='ocrx_word' id='word_1_80' title='bbox 956 2795 1076 2866; x_wconf 87' lang='lat' dir='ltr'><strong>Quidam</strong></span> <span class='ocrx_word' id='word_1_81' title='bbox 1081 2835 1088 2859; x_wconf 90' lang='lat'><strong>,</strong></span> <span class='ocrx_word' id='word_1_82' title='bbox 1106 2798 1195 2850; x_wconf 79' lang='lat' dir='ltr'><strong>semel.</strong></span> 
     </span>
     <span class='ocr_line' id='line_1_14' title="bbox 121 2872 1195 2945; baseline 0 -19"><span class='ocrx_word' id='word_1_83' title='bbox 121 2893 173 2930; x_wconf 88' lang='lat' dir='ltr'><strong>esse</strong></span> <span class='ocrx_word' id='word_1_84' title='bbox 190 2886 301 2930; x_wconf 85' lang='lat' dir='ltr'><strong>amatus.</strong></span> <span class='ocrx_word' id='word_1_85' title='bbox 320 2875 377 2944; x_wconf 85' lang='lat' dir='ltr'><strong>Qui</strong></span> <span class='ocrx_word' id='word_1_86' title='bbox 388 2895 471 2945; x_wconf 89' lang='lat' dir='ltr'><strong>quum</strong></span> <span class='ocrx_word' id='word_1_87' title='bbox 483 2875 511 2928; x_wconf 91' lang='lat' dir='ltr'><strong>in</strong></span> <span class='ocrx_word' id='word_1_88' title='bbox 523 2875 634 2944; x_wconf 85' lang='lat' dir='ltr'><strong>patriam</strong></span> <span class='ocrx_word' id='word_1_89' title='bbox 681 2873 745 2930; x_wconf 90' lang='lat' dir='ltr'><strong>Non</strong></span> <span class='ocrx_word' id='word_1_90' title='bbox 756 2873 860 2928; x_wconf 85' lang='lat' dir='ltr'><strong>videtur</strong></span> <span class='ocrx_word' id='word_1_91' title='bbox 872 2885 975 2944; x_wconf 89' lang='lat' dir='ltr'><strong>tempus</strong></span> <span class='ocrx_word' id='word_1_92' title='bbox 986 2873 1052 2927; x_wconf 92' lang='lat' dir='ltr'><strong>mihi</strong></span> <span class='ocrx_word' id='word_1_93' title='bbox 1063 2872 1123 2928; x_wconf 85' lang='lat' dir='ltr'><strong>satis</strong></span> <span class='ocrx_word' id='word_1_94' title='bbox 1133 2873 1195 2926; x_wconf 89' lang='lat' dir='ltr'><strong>lon-</strong></span> 
     </span>
     <span class='ocr_line' id='line_1_15' title="bbox 122 2951 1194 3024; baseline 0.002 -20"><span class='ocrx_word' id='word_1_95' title='bbox 122 2953 197 3007; x_wconf 85' lang='lat' dir='ltr'><strong>vellet</strong></span> <span class='ocrx_word' id='word_1_96' title='bbox 209 2953 313 3020; x_wconf 88' lang='lat' dir='ltr'><strong>redire,</strong></span> <span class='ocrx_word' id='word_1_97' title='bbox 331 2952 414 3006; x_wconf 87' lang='lat' dir='ltr'><strong>fidem</strong></span> <span class='ocrx_word' id='word_1_98' title='bbox 431 2954 456 3007; x_wconf 88' lang='lat' dir='ltr'><strong>ei</strong></span> <span class='ocrx_word' id='word_1_99' title='bbox 468 2952 541 3008; x_wconf 80' lang='lat' dir='ltr'><strong>dedit</strong></span> <span class='ocrx_word' id='word_1_100' title='bbox 556 2973 584 3008; x_wconf 84' lang='lat' dir='ltr'><strong>se</strong></span> <span class='ocrx_word' id='word_1_101' title='bbox 600 2953 634 3008; x_wconf 88' lang='lat' dir='ltr'><strong>ad</strong></span> <span class='ocrx_word' id='word_1_102' title='bbox 682 2951 1194 3024; x_wconf 76' lang='lat' dir='ltr'><strong>gum‚utAthenasire‚ibiqueressuas</strong></span> 
     </span>
     <span class='ocr_line' id='line_1_16' title="bbox 122 3029 1193 3102; baseline -0.001 -19"><span class='ocrx_word' id='word_1_103' title='bbox 122 3049 179 3084; x_wconf 85' lang='lat' dir='ltr'><strong>eam</strong></span> <span class='ocrx_word' id='word_1_104' title='bbox 190 3031 343 3086; x_wconf 84' lang='lat' dir='ltr'><strong>rediturum</strong></span> <span class='ocrx_word' id='word_1_105' title='bbox 353 3053 359 3096; x_wconf 89' lang='lat'><strong>;</strong></span> <span class='ocrx_word' id='word_1_106' title='bbox 378 3031 423 3102; x_wconf 91' lang='lat' dir='ltr'><strong>qui</strong></span> <span class='ocrx_word' id='word_1_107' title='bbox 440 3030 482 3086; x_wconf 91' lang='lat' dir='ltr'><strong>die</strong></span> <span class='ocrx_word' id='word_1_108' title='bbox 494 3031 635 3087; x_wconf 80' lang='lat' dir='ltr'><strong>constituta</strong></span> <span class='ocrx_word' id='word_1_109' title='bbox 681 3049 856 3101; x_wconf 88' lang='lat' dir='ltr'><strong>componere,</strong></span> <span class='ocrx_word' id='word_1_110' title='bbox 873 3040 900 3084; x_wconf 87' lang='lat' dir='ltr'><strong>et</strong></span> <span class='ocrx_word' id='word_1_111' title='bbox 911 3049 1000 3084; x_wconf 86' lang='lat' dir='ltr'><strong>rursus</strong></span> <span class='ocrx_word' id='word_1_112' title='bbox 1011 3030 1039 3083; x_wconf 93' lang='lat' dir='ltr'><strong>in</strong></span> <span class='ocrx_word' id='word_1_113' title='bbox 1052 3029 1193 3084; x_wconf 82' lang='lat' dir='ltr'><strong>Thraciam</strong></span> 
     </span>
     <span class='ocr_line' id='line_1_17' title="bbox 122 3107 1194 3178; baseline -0.002 -16"><span class='ocrx_word' id='word_1_114' title='bbox 122 3127 183 3164; x_wconf 85' lang='lat' dir='ltr'><strong>cum</strong></span> <span class='ocrx_word' id='word_1_115' title='bbox 193 3129 251 3164; x_wconf 90' lang='lat' dir='ltr'><strong>non</strong></span> <span class='ocrx_word' id='word_1_116' title='bbox 264 3110 393 3178; x_wconf 81' lang='lat' dir='ltr'><strong>venisset,</strong></span> <span class='ocrx_word' id='word_1_117' title='bbox 414 3109 457 3164; x_wconf 92' lang='lat' dir='ltr'><strong>illa</strong></span> <span class='ocrx_word' id='word_1_118' title='bbox 469 3129 501 3164; x_wconf 88' lang='lat' dir='ltr'><strong>eo</strong></span> <span class='ocrx_word' id='word_1_119' title='bbox 514 3109 556 3164; x_wconf 91' lang='lat' dir='ltr'><strong>die</strong></span> <span class='ocrx_word' id='word_1_120' title='bbox 569 3107 635 3166; x_wconf 93' lang='lat' dir='ltr'><strong>dici-</strong></span> <span class='ocrx_word' id='word_1_121' title='bbox 681 3107 768 3163; x_wconf 86' lang='lat' dir='ltr'><strong>redire</strong></span> <span class='ocrx_word' id='word_1_122' title='bbox 776 3108 898 3178; x_wconf 87' lang='lat' dir='ltr'><strong>potuerit.</strong></span> <span class='ocrx_word' id='word_1_123' title='bbox 908 3107 1127 3163; x_wconf 75' lang='lat' dir='ltr'><strong>Gronovianuset</strong></span> <span class='ocrx_word' id='word_1_124' title='bbox 1135 3107 1194 3160; x_wconf 90' lang='lat' dir='ltr'><strong>Me·</strong></span> 
     </span>
     <span class='ocr_line' id='line_1_18' title="bbox 122 3181 1195 3259; baseline -0.001 -19"><span class='ocrx_word' id='word_1_125' title='bbox 122 3197 165 3240; x_wconf 87' lang='lat' dir='ltr'><strong>tur</strong></span> <span class='ocrx_word' id='word_1_126' title='bbox 173 3188 265 3243; x_wconf 80' lang='lat' dir='ltr'><strong>novies</strong></span> <span class='ocrx_word' id='word_1_127' title='bbox 275 3187 386 3242; x_wconf 86' lang='lat' dir='ltr'><strong>adlittus</strong></span> <span class='ocrx_word' id='word_1_128' title='bbox 396 3187 552 3256; x_wconf 82' lang='lat' dir='ltr'><strong>cucurrisse,</strong></span> <span class='ocrx_word' id='word_1_129' title='bbox 562 3187 635 3259; x_wconf 89' lang='lat' dir='ltr'><strong>quod</strong></span> <span class='ocrx_word' id='word_1_130' title='bbox 682 3185 784 3254; x_wconf 83' lang='lat' dir='ltr'><strong>diceus,</strong></span> <span class='ocrx_word' id='word_1_131' title='bbox 793 3181 871 3255; x_wconf 60' lang='lat' dir='ltr'><strong>pleno</strong></span> <span class='ocrx_word' id='word_1_132' title='bbox 882 3194 973 3257; x_wconf 80' lang='lat' dir='ltr'><strong>quater</strong></span> <span class='ocrx_word' id='word_1_133' title='bbox 981 3189 1055 3250; x_wconf 80' lang='lat' dir='ltr'><strong>orbe,</strong></span> <span class='ocrx_word' id='word_1_134' title='bbox 1069 3184 1140 3255; x_wconf 92' lang='lat' dir='ltr'><strong>quod</strong></span> <span class='ocrx_word' id='word_1_135' title='bbox 1150 3205 1195 3239; x_wconf 79' lang='lat' dir='ltr'><strong>ve·</strong></span> 
     </span>
     <span class='ocr_line' id='line_1_19' title="bbox 122 3263 1196 3337; baseline -0.002 -19"><span class='ocrx_word' id='word_1_136' title='bbox 122 3285 152 3318; x_wconf 83' lang='lat' dir='ltr'><strong>ex</strong></span> <span class='ocrx_word' id='word_1_137' title='bbox 169 3285 200 3320; x_wconf 87' lang='lat' dir='ltr'><strong>ea</strong></span> <span class='ocrx_word' id='word_1_138' title='bbox 218 3265 362 3322; x_wconf 85' lang='lat' dir='ltr'><strong>Enneados</strong></span> <span class='ocrx_word' id='word_1_139' title='bbox 378 3265 470 3320; x_wconf 75' lang='lat' dir='ltr'><strong>Graece</strong></span> <span class='ocrx_word' id='word_1_140' title='bbox 483 3265 633 3337; x_wconf 83' lang='lat' dir='ltr'><strong>appellatur.</strong></span> <span class='ocrx_word' id='word_1_141' title='bbox 681 3274 825 3334; x_wconf 85' lang='lat' dir='ltr'><strong>rumputo,</strong></span> <span class='ocrx_word' id='word_1_142' title='bbox 837 3274 864 3318; x_wconf 90' lang='lat' dir='ltr'><strong>et</strong></span> <span class='ocrx_word' id='word_1_143' title='bbox 872 3264 1009 3334; x_wconf 87' lang='lat' dir='ltr'><strong>sequentia</strong></span> <span class='ocrx_word' id='word_1_144' title='bbox 1019 3263 1196 3327; x_wconf 62' lang='lat' dir='ltr'><strong>contis-manu</strong></span> 
     </span>
     <span class='ocr_line' id='line_1_20' title="bbox 121 3342 1199 3416; baseline -0.002 -21"><span class='ocrx_word' id='word_1_145' title='bbox 121 3342 220 3416; x_wconf 82' lang='lat' dir='ltr'><strong>Phyllis</strong></span> <span class='ocrx_word' id='word_1_146' title='bbox 237 3354 328 3398; x_wconf 88' lang='lat' dir='ltr'><strong>autem</strong></span> <span class='ocrx_word' id='word_1_147' title='bbox 344 3345 379 3398; x_wconf 88' lang='lat' dir='ltr'><strong>oh</strong></span> <span class='ocrx_word' id='word_1_148' title='bbox 395 3343 560 3408; x_wconf 50' lang='lat' dir='ltr'><strong>desiderium¹</strong></span> <span class='ocrx_word' id='word_1_149' title='bbox 570 3344 634 3399; x_wconf 86' lang='lat' dir='ltr'><strong>De-</strong></span> <span class='ocrx_word' id='word_1_150' title='bbox 682 3343 727 3396; x_wconf 89' lang='lat' dir='ltr'><strong>ubi</strong></span> <span class='ocrx_word' id='word_1_151' title='bbox 738 3343 819 3397; x_wconf 85' lang='lat' dir='ltr'><strong>etiam</strong></span> <span class='ocrx_word' id='word_1_152' title='bbox 836 3343 1005 3409; x_wconf 84' lang='lat' dir='ltr'><strong>Hasniensis,</strong></span> <span class='ocrx_word' id='word_1_153' title='bbox 1018 3346 1096 3411; x_wconf 79' lang='lat' dir='ltr'><strong>pleno</strong></span> <span class='ocrx_word' id='word_1_154' title='bbox 1106 3348 1199 3410; x_wconf 74' lang='lat' dir='ltr'><strong>quater</strong></span> 
     </span>
     <span class='ocr_line' id='line_1_21' title="bbox 55 3417 1196 3493; baseline -0.003 -18"><span class='ocrx_word' id='word_1_155' title='bbox 55 3431 57 3438; x_wconf 90' lang='grc'><strong>’</strong></span> <span class='ocrx_word' id='word_1_156' title='bbox 122 3422 291 3492; x_wconf 86' lang='lat' dir='ltr'><strong>mophoontis</strong></span> <span class='ocrx_word' id='word_1_157' title='bbox 300 3423 422 3492; x_wconf 85' lang='lat' dir='ltr'><strong>spiritum</strong></span> <span class='ocrx_word' id='word_1_158' title='bbox 431 3421 579 3476; x_wconf 79' lang='lat' dir='ltr'><strong>emisitacui</strong></span> <span class='ocrx_word' id='word_1_159' title='bbox 587 3442 636 3493; x_wconf 89' lang='lat' dir='ltr'><strong>pa-</strong></span> <span class='ocrx_word' id='word_1_160' title='bbox 681 3423 761 3488; x_wconf 82' lang='lat' dir='ltr'><strong>orbe,</strong></span> <span class='ocrx_word' id='word_1_161' title='bbox 790 3419 863 3490; x_wconf 81' lang='lat' dir='ltr'><strong>quod</strong></span> <span class='ocrx_word' id='word_1_162' title='bbox 883 3421 1037 3490; x_wconf 84' lang='lat' dir='ltr'><strong>recepimus.</strong></span> <span class='ocrx_word' id='word_1_163' title='bbox 1060 3417 1196 3473; x_wconf 87' lang='lat' dir='ltr'><strong>Convenit</strong></span> 
     </span>
     <span class='ocr_line' id='line_1_22' title="bbox 122 3497 1192 3570; baseline -0.003 -17"><span class='ocrx_word' id='word_1_164' title='bbox 122 3511 209 3555; x_wconf 85' lang='lat' dir='ltr'><strong>rentes</strong></span> <span class='ocrx_word' id='word_1_165' title='bbox 221 3499 479 3570; x_wconf 88' lang='lat' dir='ltr'><strong>quumsepulchrum</strong></span> <span class='ocrx_word' id='word_1_166' title='bbox 486 3499 637 3554; x_wconf 84' lang='lat' dir='ltr'><strong>constituis·</strong></span> <span class='ocrx_word' id='word_1_167' title='bbox 682 3498 763 3552; x_wconf 89' lang='lat' dir='ltr'><strong>etiam</strong></span> <span class='ocrx_word' id='word_1_168' title='bbox 785 3498 879 3553; x_wconf 86' lang='lat' dir='ltr'><strong>melius</strong></span> <span class='ocrx_word' id='word_1_169' title='bbox 900 3499 992 3570; x_wconf 73' lang='lat' dir='ltr'><strong>puellae</strong></span> <span class='ocrx_word' id='word_1_170' title='bbox 1013 3497 1192 3568; x_wconf 85' lang='lat' dir='ltr'><strong>impatientius</strong></span> 
     </span>
     <span class='ocr_line' id='line_1_23' title="bbox 121 3575 1194 3647; baseline -0.005 -15"><span class='ocrx_word' id='word_1_171' title='bbox 121 3588 198 3646; x_wconf 87' lang='lat' dir='ltr'><strong>sent,</strong></span> <span class='ocrx_word' id='word_1_172' title='bbox 216 3579 323 3632; x_wconf 86' lang='lat' dir='ltr'><strong>arbores</strong></span> <span class='ocrx_word' id='word_1_173' title='bbox 337 3579 374 3632; x_wconf 91' lang='lat' dir='ltr'><strong>ibi</strong></span> <span class='ocrx_word' id='word_1_174' title='bbox 388 3589 457 3634; x_wconf 78' lang='lat' dir='ltr'><strong>natoe</strong></span> <span class='ocrx_word' id='word_1_175' title='bbox 473 3587 551 3646; x_wconf 87' lang='lat' dir='ltr'><strong>sunt,</strong></span> <span class='ocrx_word' id='word_1_176' title='bbox 574 3595 633 3647; x_wconf 81' lang='lat' dir='ltr'><strong>qute</strong></span> <span class='ocrx_word' id='word_1_177' title='bbox 682 3576 796 3644; x_wconf 88' lang='lat' dir='ltr'><strong>amanti,</strong></span> <span class='ocrx_word' id='word_1_178' title='bbox 813 3586 844 3632; x_wconf 90' lang='lat' dir='ltr'><strong>ut</strong></span> <span class='ocrx_word' id='word_1_179' title='bbox 859 3575 892 3630; x_wconf 88' lang='lat' dir='ltr'><strong>ad</strong></span> <span class='ocrx_word' id='word_1_180' title='bbox 907 3577 993 3647; x_wconf 85' lang='lat' dir='ltr'><strong>ipsum</strong></span> <span class='ocrx_word' id='word_1_181' title='bbox 1011 3585 1115 3646; x_wconf 83' lang='lat' dir='ltr'><strong>tempus</strong></span> <span class='ocrx_word' id='word_1_182' title='bbox 1132 3592 1194 3645; x_wconf 61' lang='lat' dir='ltr'><strong>pac*</strong></span> 
     </span>
     <span class='ocr_line' id='line_1_24' title="bbox 122 3654 1194 3728; baseline -0.005 -19"><span class='ocrx_word' id='word_1_183' title='bbox 122 3666 192 3710; x_wconf 88' lang='lat' dir='ltr'><strong>certo</strong></span> <span class='ocrx_word' id='word_1_184' title='bbox 200 3667 321 3728; x_wconf 87' lang='lat' dir='ltr'><strong>tempore</strong></span> <span class='ocrx_word' id='word_1_185' title='bbox 328 3655 454 3728; x_wconf 87' lang='lat' dir='ltr'><strong>Phyllidis</strong></span> <span class='ocrx_word' id='word_1_186' title='bbox 463 3666 579 3709; x_wconf 89' lang='lat' dir='ltr'><strong>mortem</strong></span> <span class='ocrx_word' id='word_1_187' title='bbox 589 3654 633 3710; x_wconf 93' lang='lat' dir='ltr'><strong>de·</strong></span> <span class='ocrx_word' id='word_1_188' title='bbox 680 3664 740 3707; x_wconf 88' lang='lat' dir='ltr'><strong>tum</strong></span> <span class='ocrx_word' id='word_1_189' title='bbox 750 3654 876 3724; x_wconf 83' lang='lat' dir='ltr'><strong>promissa</strong></span> <span class='ocrx_word' id='word_1_190' title='bbox 887 3655 1018 3726; x_wconf 80' lang='lat' dir='ltr'><strong>exigeret,</strong></span> <span class='ocrx_word' id='word_1_191' title='bbox 1030 3672 1087 3707; x_wconf 91' lang='lat' dir='ltr'><strong>non</strong></span> <span class='ocrx_word' id='word_1_192' title='bbox 1099 3663 1129 3706; x_wconf 93' lang='lat' dir='ltr'><strong>ut</strong></span> <span class='ocrx_word' id='word_1_193' title='bbox 1140 3662 1194 3705; x_wconf 87' lang='lat' dir='ltr'><strong>tres</strong></span> 
     </span>
    </p>
   </div>
   <div class='ocr_carea' id='block_1_7' title="bbox 20 3731 1192 3805">
    <p class='ocr_par' dir='ltr' id='par_1_7' title="bbox 20 3731 1192 3805">
     <span class='ocr_line' id='line_1_25' title="bbox 20 3731 1192 3805; baseline -0.003 -19"><span class='ocrx_word' id='word_1_194' title='bbox 20 3787 22 3796; x_wconf 64' lang='grc'>,</span> <span class='ocrx_word' id='word_1_195' title='bbox 121 3731 632 3805; x_wconf 85' lang='lat' dir='ltr'><strong>flent,quosoliaarescuntetdillluunt:</strong></span> <span class='ocrx_word' id='word_1_196' title='bbox 680 3751 784 3786; x_wconf 82' lang='lat' dir='ltr'><strong>memes</strong></span> <span class='ocrx_word' id='word_1_197' title='bbox 795 3731 863 3785; x_wconf 88' lang='lat' dir='ltr'><strong>ultra</strong></span> <span class='ocrx_word' id='word_1_198' title='bbox 878 3733 1052 3788; x_wconf 85' lang='lat' dir='ltr'><strong>constitutum</strong></span> <span class='ocrx_word' id='word_1_199' title='bbox 1062 3739 1192 3795; x_wconf 85' lang='lat' dir='ltr'><strong>cessaret,</strong></span> 
     </span>
    </p>
   </div>
   <div class='ocr_carea' id='block_1_8' title="bbox 121 3805 1192 4117">
    <p class='ocr_par' dir='ltr' id='par_1_8' title="bbox 122 3805 1192 3962">
     <span class='ocr_line' id='line_1_26' title="bbox 122 3805 1192 3883; baseline -0.004 -19"><span class='ocrx_word' id='word_1_200' title='bbox 122 3812 194 3881; x_wconf 84' lang='lat' dir='ltr'><strong>eujus</strong></span> <span class='ocrx_word' id='word_1_201' title='bbox 206 3833 238 3868; x_wconf 87' lang='lat' dir='ltr'><strong>ex</strong></span> <span class='ocrx_word' id='word_1_202' title='bbox 248 3813 360 3868; x_wconf 88' lang='lat' dir='ltr'><strong>nomine</strong></span> <span class='ocrx_word' id='word_1_203' title='bbox 373 3812 434 3866; x_wconf 86' lang='lat' dir='ltr'><strong>solia</strong></span> <span class='ocrx_word' id='word_1_204' title='bbox 446 3829 528 3882; x_wconf 76' lang='lat' dir='ltr'><strong>graece</strong></span> <span class='ocrx_word' id='word_1_205' title='bbox 538 3813 633 3883; x_wconf 74' lang='lat' dir='ltr'><strong>Psylla</strong></span> <span class='ocrx_word' id='word_1_206' title='bbox 680 3820 823 3879; x_wconf 87' lang='lat' dir='ltr'><strong>antequam</strong></span> <span class='ocrx_word' id='word_1_207' title='bbox 831 3809 963 3864; x_wconf 87' lang='lat' dir='ltr'><strong>scriberet.</strong></span> <span class='ocrx_word' id='word_1_208' title='bbox 969 3809 1006 3864; x_wconf 88' lang='lat' dir='ltr'><strong>Et</strong></span> <span class='ocrx_word' id='word_1_209' title='bbox 1012 3809 1064 3863; x_wconf 84' lang='lat' dir='ltr'><strong>hoc</strong></span> <span class='ocrx_word' id='word_1_210' title='bbox 1072 3819 1112 3864; x_wconf 89' lang='lat' dir='ltr'><strong>est</strong></span> <span class='ocrx_word' id='word_1_211' title='bbox 1119 3805 1192 3878; x_wconf 89' lang='lat' dir='ltr'><strong>quod</strong></span> 
     </span>
     <span class='ocr_line' id='line_1_27' title="bbox 122 3887 772 3962; baseline -0.006 -20"><span class='ocrx_word' id='word_1_212' title='bbox 122 3887 633 3962; x_wconf 74' lang='lat' dir='ltr'><strong>suntappellata».-Rhod0pe1&#39;a.&#39;l&#39;hres·</strong></span> <span class='ocrx_word' id='word_1_213' title='bbox 682 3887 772 3942; x_wconf 86' lang='lat' dir='ltr'><strong>addit:</strong></span> 
     </span>
    </p>

    <p class='ocr_par' dir='ltr' id='par_1_9' title="bbox 121 3967 1162 4117">
     <span class='ocr_line' id='line_1_28' title="bbox 122 3967 1162 4038; baseline -0.009 -17"><span class='ocrx_word' id='word_1_214' title='bbox 122 3987 162 4035; x_wconf 70' lang='lat'><strong>§³3</strong></span> <span class='ocrx_word' id='word_1_215' title='bbox 174 3989 190 4022; x_wconf 78' lang='lat' dir='ltr'><strong>a</strong></span> <span class='ocrx_word' id='word_1_216' title='bbox 199 3971 337 4037; x_wconf 76' lang='lat' dir='ltr'><strong>Rhodope,</strong></span> <span class='ocrx_word' id='word_1_217' title='bbox 352 3969 397 4038; x_wconf 80' lang='lat' dir='ltr'><strong>qul</strong></span> <span class='ocrx_word' id='word_1_218' title='bbox 406 3987 484 4023; x_wconf 84' lang='lat' dir='ltr'><strong>mons</strong></span> <span class='ocrx_word' id='word_1_219' title='bbox 495 3967 631 4036; x_wconf 58' lang='lat' dir='ltr'><strong>Thracia,</strong></span> <span class='ocrx_word' id='word_1_220' title='bbox 705 3977 752 4018; x_wconf 82' lang='lat' dir='ltr'><strong>Non</strong></span> <span class='ocrx_word' id='word_1_221' title='bbox 760 3977 864 4018; x_wconf 76' lang='lat' dir='ltr'><strong>renitente</strong></span> <span class='ocrx_word' id='word_1_222' title='bbox 874 3989 932 4018; x_wconf 78' lang='lat' dir='ltr'><strong>sunm</strong></span> <span class='ocrx_word' id='word_1_223' title='bbox 940 3986 1007 4019; x_wconf 80' lang='lat' dir='ltr'><strong>nostra</strong></span> <span class='ocrx_word' id='word_1_224' title='bbox 1015 3977 1094 4030; x_wconf 76' lang='lat' dir='ltr'><strong>querela</strong></span> <span class='ocrx_word' id='word_1_225' title='bbox 1102 3975 1162 4014; x_wconf 75' lang='lat' dir='ltr'><strong>diem,</strong></span> 
     </span>
     <span class='ocr_line' id='line_1_29' title="bbox 121 4047 1130 4117; baseline -0.004 -18"><span class='ocrx_word' id='word_1_226' title='bbox 121 4047 150 4099; x_wconf 88' lang='lat' dir='ltr'><strong>in</strong></span> <span class='ocrx_word' id='word_1_227' title='bbox 164 4066 246 4117; x_wconf 85' lang='lat' dir='ltr'><strong>quem</strong></span> <span class='ocrx_word' id='word_1_228' title='bbox 261 4066 416 4101; x_wconf 81' lang='lat' dir='ltr'><strong>conversam</strong></span> <span class='ocrx_word' id='word_1_229' title='bbox 432 4056 543 4101; x_wconf 86' lang='lat' dir='ltr'><strong>narrant</strong></span> <span class='ocrx_word' id='word_1_230' title='bbox 559 4048 634 4100; x_wconf 74' lang='lat' dir='ltr'><strong>Itho-</strong></span> <span class='ocrx_word' id='word_1_231' title='bbox 1054 4051 1130 4090; x_wconf 79' lang='lat' dir='ltr'><strong>Bru.</strong></span> 
     </span>
    </p>
   </div>
   <div class='ocr_carea' id='block_1_9' title="bbox 123 4123 1273 4196">
    <p class='ocr_par' dir='ltr' id='par_1_10' title="bbox 123 4123 1273 4196">
     <span class='ocr_line' id='line_1_30' title="bbox 123 4123 1273 4196; baseline -0.001 -19"><span class='ocrx_word' id='word_1_232' title='bbox 123 4127 216 4193; x_wconf 58' lang='lat' dir='ltr'><strong>dopo,</strong></span> <span class='ocrx_word' id='word_1_233' title='bbox 234 4125 263 4179; x_wconf 91' lang='lat' dir='ltr'><strong>in</strong></span> <span class='ocrx_word' id='word_1_234' title='bbox 276 4143 384 4196; x_wconf 86' lang='lat' dir='ltr'><strong>poenam</strong></span> <span class='ocrx_word' id='word_1_235' title='bbox 394 4124 541 4194; x_wconf 81' lang='lat' dir='ltr'><strong>impietatis.</strong></span> <span class='ocrx_word' id='word_1_236' title='bbox 684 4125 776 4196; x_wconf 87' lang='lat' dir='ltr'><strong>Quam</strong></span> <span class='ocrx_word' id='word_1_237' title='bbox 796 4144 887 4180; x_wconf 83' lang='lat' dir='ltr'><strong>veram</strong></span> <span class='ocrx_word' id='word_1_238' title='bbox 907 4123 1118 4180; x_wconf 86' lang='lat' dir='ltr'><strong>observationem</strong></span> <span class='ocrx_word' id='word_1_239' title='bbox 1139 4139 1194 4176; x_wconf 87' lang='lat' dir='ltr'><strong>esse</strong></span> <span class='ocrx_word' id='word_1_240' title='bbox 1270 4139 1273 4146; x_wconf 75' lang='grc'><em>’</em></span> 
     </span>
    </p>
   </div>
   <div class='ocr_carea' id='block_1_10' title="bbox 125 4198 1194 4368">
    <p class='ocr_par' dir='ltr' id='par_1_11' title="bbox 125 4198 1194 4368">
     <span class='ocr_line' id='line_1_31' title="bbox 154 4198 1193 4276; baseline 0.002 -21"><span class='ocrx_word' id='word_1_241' title='bbox 154 4223 177 4256; x_wconf 79' lang='lat' dir='ltr'><strong>a.</strong></span> <span class='ocrx_word' id='word_1_242' title='bbox 194 4199 273 4256; x_wconf 69' lang='lat' dir='ltr'><strong>&#39;Ultra</strong></span> <span class='ocrx_word' id='word_1_243' title='bbox 279 4207 430 4272; x_wconf 67' lang='lat' dir='ltr'><strong>promissum</strong></span> <span class='ocrx_word' id='word_1_244' title='bbox 444 4209 548 4273; x_wconf 78' lang='lat' dir='ltr'><strong>tempus.</strong></span> <span class='ocrx_word' id='word_1_245' title='bbox 569 4201 635 4260; x_wconf 85' lang='lat' dir='ltr'><strong>Post</strong></span> <span class='ocrx_word' id='word_1_246' title='bbox 682 4225 763 4260; x_wconf 90' lang='lat' dir='ltr'><strong>nemo</strong></span> <span class='ocrx_word' id='word_1_247' title='bbox 773 4223 829 4258; x_wconf 90' lang='lat' dir='ltr'><strong>non</strong></span> <span class='ocrx_word' id='word_1_248' title='bbox 839 4213 961 4276; x_wconf 73' lang='lat' dir='ltr'><strong>agnoscat</strong></span> <span class='ocrx_word' id='word_1_249' title='bbox 972 4217 1022 4254; x_wconf 74' lang='lat' dir='ltr'><strong>:an</strong></span> <span class='ocrx_word' id='word_1_250' title='bbox 1032 4212 1122 4255; x_wconf 84' lang='lat' dir='ltr'><strong>tamen</strong></span> <span class='ocrx_word' id='word_1_251' title='bbox 1131 4198 1193 4252; x_wconf 83' lang='lat' dir='ltr'><strong>ideo</strong></span> 
     </span>
     <span class='ocr_line' id='line_1_32' title="bbox 125 4277 1194 4368; baseline -0.003 -34"><span class='ocrx_word' id='word_1_252' title='bbox 125 4290 234 4349; x_wconf 84' lang='lat' dir='ltr'><strong>quatuor</strong></span> <span class='ocrx_word' id='word_1_253' title='bbox 244 4299 365 4350; x_wconf 86' lang='lat' dir='ltr'><strong>menses,</strong></span> <span class='ocrx_word' id='word_1_254' title='bbox 384 4279 405 4335; x_wconf 86' lang='lat' dir='ltr'><strong>si</strong></span> <span class='ocrx_word' id='word_1_255' title='bbox 419 4281 545 4354; x_wconf 79' lang='lat' dir='ltr'><strong>quale&#39;rin</strong></span> <span class='ocrx_word' id='word_1_256' title='bbox 556 4301 634 4338; x_wconf 86' lang='lat' dir='ltr'><strong>versu</strong></span> <span class='ocrx_word' id='word_1_257' title='bbox 682 4303 744 4338; x_wconf 79' lang='lat' dir='ltr'><strong>vera</strong></span> <span class='ocrx_word' id='word_1_258' title='bbox 752 4283 784 4339; x_wconf 85' lang='lat' dir='ltr'><strong>sit</strong></span> <span class='ocrx_word' id='word_1_259' title='bbox 795 4292 900 4353; x_wconf 86' lang='lat' dir='ltr'><strong>recepta</strong></span> <span class='ocrx_word' id='word_1_260' title='bbox 912 4281 1093 4368; x_wconf 79' lang='lat' dir='ltr'><strong>aBurmanno</strong></span> <span class='ocrx_word' id='word_1_261' title='bbox 1101 4277 1194 4346; x_wconf 88' lang='lat' dir='ltr'><strong>lectio,</strong></span> 
     </span>
    </p>
   </div>
   <div class='ocr_carea' id='block_1_11' title="bbox 0 0 1432 4992">
    <p class='ocr_par' dir='ltr' id='par_1_12' title="bbox 0 0 1432 4992">
     <span class='ocr_line' id='line_1_33' title="bbox 0 0 1432 4992; baseline 0 0"><span class='ocrx_word' id='word_1_262' title='bbox 0 0 1432 4992; x_wconf 95' lang='lat' dir='ltr'><strong> </strong></span> 
     </span>
    </p>
   </div>
  </div>
 </body>
</html>
