2854 4992
227 479 250 568 4
599 480 869 552 emsronr
892 487 923 554 1.

273 621 340 695 Vix
357 620 508 694 Priamus
526 619 627 707 tanti,
648 637 782 721 totaque
799 623 903 721 Troja
923 623 999 696 luit.

226 735 402 813 Ontinam
416 751 512 821 tunc,
529 762 606 806 cum
619 735 858 812 Lacedaemona
874 738 977 813 classe
993 744 1143 842 petebat,
1283 771 1301 822 5

274 852 429 928 Obrutus
443 848 568 937 insanis
585 867 671 922 esset
684 850 815 925 adulter
830 854 925 953 aquis
939 856 947 927 l

222 970 302 1043 Non
318 994 381 1061 ego
397 963 526 1037 deserto
538 963 714 1062 jacuissem
729 965 852 1062 frigida
868 967 976 1058 lecto,

270 1084 341 1157 Nec
359 1107 513 1180 quererer
530 1078 644 1152 tardos
660 1079 707 1153 ire
723 1079 837 1156 relicta
853 1083 943 1158 dies:

221 1199 292 1273 Nec
306 1195 406 1283 mihi,
425 1195 588 1295 quaerenti
602 1196 784 1296 spatiosam
800 1195 913 1272 fallere
929 1215 1078 1286 noctem,

269 1315 423 1388 Lassaret
436 1310 552 1384 viduas
567 1310 713 1412 pendula
729 1312 795 1387 tela
810 1342 939 1389 manus.

220 1426 367 1526 Quando
383 1455 445 1521 ego
461 1455 532 1498 non
545 1426 642 1498 timui
658 1428 808 1520 graviora
822 1429 970 1529 pericula
986 1431 1097 1504 veris?

269 1545 338 1616 Res
354 1558 406 1615 est
421 1540 555 1615 solliciti
571 1539 670 1642 plena
687 1541 817 1616 timoris
835 1571 935 1616 amor.

219 1663 261 1735 In
276 1678 308 1732 te
323 1657 491 1753 fingebam
505 1656 672 1731 violentos
687 1660 794 1730 Troas
809 1657 937 1730 ituros:

267 1776 411 1851 Nomine
427 1775 463 1848 in
479 1777 646 1849 Hectoreo
662 1771 787 1874 pallida
803 1801 933 1874 semper
949 1801 1054 1880 eram,

218 1891 295 1965 Sive
312 1891 387 1992 quis
402 1888 622 1966 Antilochum
636 1889 793 1964 narrabat
807 1891 850 1964 ab
870 1892 1014 1964 Hectore
1030 1889 1172 1978 victum,
1261 1918 1294 1969 15

267 1990 468 2083 Antilochus
484 2006 594 2080 nostri
610 2034 708 2080 causa
722 2005 852 2080 timoris
867 2025 946 2084 erat.

215 2185 275 2243 cel,
300 2179 346 2250 qni
356 2178 408 2232 hoc
418 2177 473 2247 ipse
489 2176 587 2247 optime
600 2174 696 2229 sciebat
709 2197 732 2230 n,
780 2176 901 2245 videtur,
923 2177 983 2248 qnia
1010 2189 1196 2249 precesserunt
1222 2187 1297 2239 iarah·

221 2257 304 2326 Quod
326 2265 492 2327 postremum
517 2253 644 2322 arripiens
661 2253 732 2306 Bur·
780 2260 855 2321 obes,
868 2277 955 2327 neque
965 2259 1053 2312 nescio
1064 2257 1147 2327 poetis
1157 2278 1223 2329 saepe
1233 2262 1293 2314 sin-

216 2354 351 2402 ·mannus,
365 2337 504 2404 procerte,
518 2331 661 2402 legendum
670 2352 731 2385 con·
780 2335 898 2405 gularem
909 2355 1053 2388 numerum
1063 2336 1181 2405 probari;
1191 2337 1236 2390 sed
1246 2337 1292 2394 hic

218 2413 280 2484 jecit
286 2432 337 2482 per
344 2419 377 2465 te.
389 2411 447 2482 Ego
457 2411 592 2481 vulgarem
607 2423 637 2464 ut
645 2411 731 2465 lectio·
780 2413 908 2482 pluralem
918 2413 1099 2483 recipiendum
1109 2433 1217 2481 censeo,
1228 2416 1292 2485 quia

217 2509 297 2558 nem,
314 2490 351 2543 ita
363 2488 561 2542 distinctionem
573 2489 730 2543 servandam
780 2490 812 2544 de
823 2491 901 2561 longa
912 2491 1028 2544 absentia
1039 2492 1165 2560 queritur.

218 2579 290 2640 puto.
310 2568 408 2623 Sensus
424 2577 464 2620 est
481 2585 487 2620 :
507 2566 557 2620 hoc
578 2572 646 2620 certe
664 2567 730 2621 mihi
812 2569 1040 2632 ltaBurmannus3
1049 2569 1095 2622 sed
1104 2581 1197 2623 contra
1205 2571 1291 2624 Hein-

218 2666 275 2700 non
287 2647 392 2716 objicies
411 2645 523 2714 Troiam
542 2645 628 2700 adhuc
646 2656 728 2712 stare;
778 2645 809 2700 sii
815 2647 989 2714 sententiam,
999 2647 1032 2699 ad
1040 2667 1064 2700 v.
1072 2650 1119 2714 ²43
1129 2648 1174 2716 qui
1184 2648 1223 2700 vir
1231 2668 1290 2704 non

217 2726 330 2795 Troiam
346 2724 425 2777 etiam
438 2743 506 2776 num
520 2723 549 2776 in
563 2743 639 2777 causa
655 2743 728 2792 esse,
778 2724 926 2778 eruditione
935 2723 1092 2778 Burmanno
1100 2725 1198 2792 minor,
1207 2745 1290 2796 pras-

218 2825 266 2859 cur
273 2803 371 2858 reverti
383 2801 467 2856 adme
476 2820 532 2854 non
541 2801 636 2870 possis:
652 2803 730 2870 Troja
778 2811 816 2856 tat
831 2803 932 2869 multo,
943 2813 1002 2856 tum
1014 2802 1159 2872 elegantia,
1171 2814 1229 2857 tum
1243 2806 1289 2857 in-

217 2885 290 2938 r‘acet
305 2887 380 2935 certe.
396 2908 429 2923 -·
443 2881 547 2933 Danais
564 2883 648 2932 inrita
658 2883 730 2946 puel·
778 2881 849 2950 genii
862 2881 996 2946 acumine,
1008 2890 1035 2933 et
1045 2899 1100 2932 non
1115 2901 1174 2934 rara
1192 2903 1289 2938 emen-

217 2965 271 3022 lr's,
302 2960 336 3013 ob
360 2958 515 3012 diuturnam
544 2957 727 3026 maritorum,
777 2955 916 3010 dationum
933 2958 1062 3011 felicitate.
1083 2956 1240 3014 Adsentitur
1258 2974 1289 3016 et

218 3037 366 3092 dumillam
377 3034 542 3102 obsiderent,
560 3035 712 3089 absentiam.
777 3034 896 3104 Lennep.

252 3118 275 3182 4.
298 3118 348 3168 Via
357 3117 473 3167 Pn'amns
483 3118 552 3166 tanti
558 3123 606 3166 etc.
618 3115 657 3167 Ut
668 3125 728 3167 tan·
812 3115 850 3165 15.
867 3114 924 3164 moe
933 3116 989 3180 quis
998 3112 1160 3168 Antilochum
1170 3126 1218 3170 etc.
1230 3117 1288 3171 An·

218 3193 264 3246 din
272 3191 493 3259 absis,nimirum.
500 3192 606 3244 Frustra
616 3191 727 3260 igiturse
774 3189 902 3242 tilochum
918 3207 974 3240 non
993 3190 1024 3243 ab
1042 3191 1158 3245 Hectore
1169 3233 1177 3260 ,
1188 3193 1234 3247 sed
1251 3196 1286 3250 ab

217 3279 340 3324 exercent
351 3269 379 3322 in
389 3268 440 3322 hoc
450 3269 508 3322 loco
519 3268 568 3321 viri
579 3268 656 3322 docti.
665 3269 727 3322 Fuit
775 3265 888 3321 Aurora
908 3266 963 3318 filio
985 3268 1134 3322 Memnone
1159 3271 1286 3326 intersec»

218 3356 318 3404 eumer
334 3364 383 3416 ego
393 3363 499 3399 versum
510 3365 595 3398 unum
605 3346 727 3400 alterum·
774 3355 833 3398 turn
849 3354 940 3398 auctor
957 3356 996 3400 est
1012 3346 1148 3400 Homerus
1158 3387 1166 3415 ,
1182 3347 1234 3402 Od.
1246 3359 1265 3403 Δ
1275 3390 1285 3417 ,

219 3445 271 3495 que
282 3424 402 3480 excidisse
411 3425 566 3494 suspicarer,
583 3423 629 3478 sed
640 3425 726 3478 nullus
777 3423 840 3491 187³
860 3442 941 3492 quem
957 3423 1039 3477 secuti
1057 3424 1206 3492 Pindarus,
1223 3427 1284 3500 Py-

217 3504 320 3558 excidit.
334 3504 434 3558 Hmrts.
774 3499 945 3568 thic.v1,28‚
955 3501 1048 3570 aliique
1057 3503 1208 3572 scriptores,
1218 3524 1285 3573 qnos

252 3585 276 3635 5.
295 3583 422 3635 Outinam
431 3591 478 3636 etc.
489 3581 555 3636 Jure
565 3583 592 3635 in
602 3580 726 3636 Paridem
773 3577 844 3631 inter
853 3578 1074 3651 mythographus,
1088 3592 1179 3634 auctor
1190 3583 1285 3638 tabulae

217 3660 365 3726 invehitur,
377 3659 439 3728 qui,
455 3680 517 3714 cum
529 3661 663 3714 Helenam
677 3679 726 3712 ra-
773 3656 801 3708 in
810 3656 979 3723 collectione,
993 3677 1050 3726 quae
1062 3659 1110 3711 snb
1121 3660 1221 3732 Hygini
1233 3677 1286 3714 no-

218 3737 321 3809 puerit,
342 3747 478 3790 tantorum
496 3758 574 3792 cansa
594 3737 726 3790 malornm
774 3735 847 3790 mine
863 3736 1054 3790 circumfertur.
1066 3736 1147 3792 Unde
1164 3758 1213 3808 pro
1225 3741 1286 3792 vul-

218 3815 321 3869 exstitit.
334 3815 386 3868 Vel
397 3816 549 3885 incogitanti
565 3815 593 3869 in
606 3825 726 3869 mentem
774 3824 832 3883 gata
847 3813 976 3880 lectione,
988 3815 1150 3868 Munrkerus
1166 3817 1285 3872 Anchia-

218 3893 287 3950 redit
312 3893 513 3947 celeberrimum
537 3894 642 3948 Horatii
662 3913 726 3949 car-
771 3895 824 3944 lum
839 3912 968 3962 reponere
981 3893 1158 3961 tentabat,ex
1171 3895 1284 3950 Homer.

219 3992 301 4040 men,
315 3971 345 4039 l,
360 3970 413 4026 Od.
427 3972 464 4025 13.
774 3970 805 4023 ll.
813 3981 848 4036 N,
861 3971 1154 4038 185;Anph1'mactum‚
1166 3972 1281 4043 Scoppa,

289 4052 358 4092 mr
367 4063 412 4088 Μ
421 4051 550 4090 rnhemteo.
773 4067 788 4102 e
800 4047 902 4102 Dareta
911 4048 1028 4121 Phrygio
1038 4088 1045 4115 ,
1057 4069 1111 4120 cap.
1122 4051 1169 4102 ao.¹

251 4145 276 4198 9·
292 4125 435 4192 rl'patiosam
436 4124 534 4192 sallem
541 4131 645 4178 noctem.
654 4124 725 4180 Oxo·
809 4127 847 4179 16.
866 4129 951 4180 Causa
966 4132 1138 4180 remanserat.
1156 4129 1283 4184 Francius

219 4203 316 4258 niensis
333 4213 360 4256 et
380 4202 568 4256 Lincolniensis
578 4243 585 4270 ,
597 4209 727 4272 spalrbsas
772 4202 801 4256 in
814 4223 860 4256 ora
872 4204 967 4260 codicis
977 4205 1018 4259 aui
1028 4206 1191 4274 conjecerat,
1201 4227 1283 4260 causa

220 4289 315 4338 noctes.
341 4280 425 4352 Quod
447 4281 512 4339 mihi
531 4281 726 4351 praeferendum
773 4287 893 4338 tremon's.
908 4283 971 4339 Non
986 4283 1284 4356 male3qnaovoxsaepe
