<?xml version="1.0" encoding="UTF-8"?>
<!DOCTYPE html PUBLIC "-//W3C//DTD XHTML 1.0 Transitional//EN"
    "http://www.w3.org/TR/xhtml1/DTD/xhtml1-transitional.dtd">
<html xmlns="http://www.w3.org/1999/xhtml" xml:lang="en" lang="en">
 <head>
  <title>
</title>
<meta http-equiv="Content-Type" content="text/html;charset=utf-8" />
  <meta name='ocr-system' content='tesseract 3.04.00' />
  <meta name='ocr-capabilities' content='ocr_page ocr_carea ocr_par ocr_line ocrx_word'/>
</head>
<body>
  <div class='ocr_page' id='page_1' title='image "bibliothecaclas108lemagoog_0028.png"; bbox 0 0 2854 4992; ppageno 0'>
   <div class='ocr_carea' id='block_1_1' title="bbox 200 499 891 584">
    <p class='ocr_par' dir='ltr' id='par_1_1' title="bbox 200 499 891 584">
     <span class='ocr_line' id='line_1_1' title="bbox 200 499 891 584; baseline -0.014 -8"><span class='ocrx_word' id='word_1_1' title='bbox 200 516 290 584; x_wconf 64' lang='lat' dir='ltr'><strong>xvut</strong></span> <span class='ocrx_word' id='word_1_2' title='bbox 598 499 891 568; x_wconf 83' lang='lat' dir='ltr'><strong>PRAEFATIO.</strong></span> 
     </span>
    </p>
   </div>
   <div class='ocr_carea' id='block_1_2' title="bbox 25 649 1269 756">
    <p class='ocr_par' dir='ltr' id='par_1_2' title="bbox 25 649 1269 756">
     <span class='ocr_line' id='line_1_2' title="bbox 25 649 1269 756; baseline 0.006 -35"><span class='ocrx_word' id='word_1_3' title='bbox 25 663 34 672; x_wconf 80' lang='grc'><strong><em>’</em></strong></span> <span class='ocrx_word' id='word_1_4' title='bbox 150 725 151 730; x_wconf 62' lang='grc'>,</span> <span class='ocrx_word' id='word_1_5' title='bbox 207 691 227 722; x_wconf 74' lang='lat' dir='ltr'><strong>s</strong></span> <span class='ocrx_word' id='word_1_6' title='bbox 246 655 304 756; x_wconf 89' lang='lat' dir='ltr'><strong>qui</strong></span> <span class='ocrx_word' id='word_1_7' title='bbox 313 670 429 740; x_wconf 89' lang='lat' dir='ltr'><strong>me‚ut</strong></span> <span class='ocrx_word' id='word_1_8' title='bbox 440 679 513 726; x_wconf 90' lang='lat' dir='ltr'><strong>mos</strong></span> <span class='ocrx_word' id='word_1_9' title='bbox 524 667 575 724; x_wconf 90' lang='lat' dir='ltr'><strong>est</strong></span> <span class='ocrx_word' id='word_1_10' title='bbox 584 649 802 740; x_wconf 85' lang='lat' dir='ltr'><strong>imitantium,</strong></span> <span class='ocrx_word' id='word_1_11' title='bbox 815 667 940 724; x_wconf 77' lang='lat' dir='ltr'>certent</span> <span class='ocrx_word' id='word_1_12' title='bbox 953 649 1088 726; x_wconf 85' lang='lat' dir='ltr'><strong>audacia</strong></span> <span class='ocrx_word' id='word_1_13' title='bbox 1101 679 1269 754; x_wconf 85' lang='lat' dir='ltr'><strong>superare,</strong></span> 
     </span>
    </p>
   </div>
   <div class='ocr_carea' id='block_1_3' title="bbox 208 781 1279 1156">
    <p class='ocr_par' dir='ltr' id='par_1_3' title="bbox 208 781 1279 1156">
     <span class='ocr_line' id='line_1_3' title="bbox 209 781 1279 885; baseline 0.003 -28"><span class='ocrx_word' id='word_1_14' title='bbox 209 823 227 857; x_wconf 71' lang='lat' dir='ltr'><strong>s</strong></span> <span class='ocrx_word' id='word_1_15' title='bbox 248 787 333 864; x_wconf 86' lang='lat' dir='ltr'>nihil</span> <span class='ocrx_word' id='word_1_16' title='bbox 346 785 461 885; x_wconf 89' lang='lat' dir='ltr'><strong>jamin</strong></span> <span class='ocrx_word' id='word_1_17' title='bbox 475 783 670 884; x_wconf 74' lang='lat' dir='ltr'><strong>antiquitate</strong></span> <span class='ocrx_word' id='word_1_18' title='bbox 683 800 809 860; x_wconf 85' lang='lat' dir='ltr'><strong>eertum</strong></span> <span class='ocrx_word' id='word_1_19' title='bbox 818 782 915 858; x_wconf 85' lang='lat' dir='ltr'><strong>video</strong></span> <span class='ocrx_word' id='word_1_20' title='bbox 927 799 961 857; x_wconf 93' lang='lat' dir='ltr'><strong>et</strong></span> <span class='ocrx_word' id='word_1_21' title='bbox 970 781 1196 884; x_wconf 84' lang='lat' dir='ltr'><strong>exploratum:</strong></span> <span class='ocrx_word' id='word_1_22' title='bbox 1210 811 1279 860; x_wconf 84' lang='lat' dir='ltr'><strong>neo</strong></span> 
     </span>
     <span class='ocr_line' id='line_1_4' title="bbox 208 917 1274 1006; baseline 0.005 -16"><span class='ocrx_word' id='word_1_23' title='bbox 208 957 227 990; x_wconf 78' lang='lat' dir='ltr'><strong>s</strong></span> <span class='ocrx_word' id='word_1_24' title='bbox 248 919 362 998; x_wconf 86' lang='lat' dir='ltr'><strong>Ovidii</strong></span> <span class='ocrx_word' id='word_1_25' title='bbox 378 918 553 1004; x_wconf 86' lang='lat' dir='ltr'><strong>Ovidium,</strong></span> <span class='ocrx_word' id='word_1_26' title='bbox 568 917 626 992; x_wconf 86' lang='lat' dir='ltr'><strong>sed</strong></span> <span class='ocrx_word' id='word_1_27' title='bbox 643 917 791 1006; x_wconf 86' lang='lat' dir='ltr'><strong>Heinsii,</strong></span> <span class='ocrx_word' id='word_1_28' title='bbox 806 918 991 992; x_wconf 76' lang='lat' dir='ltr'>Burmanni</span> <span class='ocrx_word' id='word_1_29' title='bbox 1010 936 1043 992; x_wconf 85' lang='lat' dir='ltr'><strong>et</strong></span> <span class='ocrx_word' id='word_1_30' title='bbox 1060 917 1200 994; x_wconf 88' lang='lat' dir='ltr'><strong>aliorum</strong></span> <span class='ocrx_word' id='word_1_31' title='bbox 1213 950 1274 995; x_wconf 87' lang='lat' dir='ltr'><strong>ne-</strong></span> 
     </span>
     <span class='ocr_line' id='line_1_5' title="bbox 209 1050 1275 1156; baseline 0.008 -36"><span class='ocrx_word' id='word_1_32' title='bbox 209 1089 227 1120; x_wconf 81' lang='lat'>»</span> <span class='ocrx_word' id='word_1_33' title='bbox 246 1071 343 1156; x_wconf 88' lang='lat' dir='ltr'><strong>potes</strong></span> <span class='ocrx_word' id='word_1_34' title='bbox 357 1051 477 1148; x_wconf 84' lang='lat' dir='ltr'><strong>legent.</strong></span> <span class='ocrx_word' id='word_1_35' title='bbox 498 1051 560 1126; x_wconf 83' lang='lat' dir='ltr'><strong>Vis</strong></span> <span class='ocrx_word' id='word_1_36' title='bbox 579 1050 721 1152; x_wconf 86' lang='lat' dir='ltr'><strong>denique</strong></span> <span class='ocrx_word' id='word_1_37' title='bbox 735 1050 772 1123; x_wconf 93' lang='lat' dir='ltr'><strong>id</strong></span> <span class='ocrx_word' id='word_1_38' title='bbox 793 1079 892 1126; x_wconf 89' lang='lat' dir='ltr'><strong>omne</strong></span> <span class='ocrx_word' id='word_1_39' title='bbox 910 1051 1016 1126; x_wconf 86' lang='lat' dir='ltr'><strong>dicam</strong></span> <span class='ocrx_word' id='word_1_40' title='bbox 1033 1053 1126 1154; x_wconf 85' lang='lat' dir='ltr'><strong>quod</strong></span> <span class='ocrx_word' id='word_1_41' title='bbox 1138 1055 1275 1128; x_wconf 88' lang='lat' dir='ltr'><strong>sentio?</strong></span> 
     </span>
    </p>
   </div>
   <div class='ocr_carea' id='block_1_4' title="bbox 209 1181 1275 1420">
    <p class='ocr_par' dir='ltr' id='par_1_4' title="bbox 209 1181 1275 1420">
     <span class='ocr_line' id='line_1_6' title="bbox 209 1181 1272 1288; baseline 0.006 -32"><span class='ocrx_word' id='word_1_42' title='bbox 209 1223 228 1256; x_wconf 86' lang='lat'>»</span> <span class='ocrx_word' id='word_1_43' title='bbox 248 1191 386 1264; x_wconf 65' lang='lat' dir='ltr'><strong>Praestet</strong></span> <span class='ocrx_word' id='word_1_44' title='bbox 396 1185 541 1286; x_wconf 85' lang='lat' dir='ltr'><strong>quodam</strong></span> <span class='ocrx_word' id='word_1_45' title='bbox 552 1181 655 1258; x_wconf 87' lang='lat' dir='ltr'><strong>modo</strong></span> <span class='ocrx_word' id='word_1_46' title='bbox 665 1183 826 1258; x_wconf 87' lang='lat' dir='ltr'><strong>mendosa</strong></span> <span class='ocrx_word' id='word_1_47' title='bbox 836 1213 1002 1260; x_wconf 89' lang='lat' dir='ltr'><strong>remanere</strong></span> <span class='ocrx_word' id='word_1_48' title='bbox 1014 1185 1088 1262; x_wconf 88' lang='lat' dir='ltr'><strong>losa</strong></span> <span class='ocrx_word' id='word_1_49' title='bbox 1105 1187 1272 1288; x_wconf 78' lang='lat' dir='ltr'><strong>quedam,</strong></span> 
     </span>
     <span class='ocr_line' id='line_1_7' title="bbox 209 1313 1275 1420; baseline 0.002 -32"><span class='ocrx_word' id='word_1_50' title='bbox 209 1355 228 1388; x_wconf 88' lang='lat'>»</span> <span class='ocrx_word' id='word_1_51' title='bbox 247 1335 281 1396; x_wconf 85' lang='lat' dir='ltr'><strong>et</strong></span> <span class='ocrx_word' id='word_1_52' title='bbox 295 1346 359 1420; x_wconf 93' lang='lat' dir='ltr'><strong>pro</strong></span> <span class='ocrx_word' id='word_1_53' title='bbox 372 1314 542 1392; x_wconf 77' lang='lat' dir='ltr'>mendosis</span> <span class='ocrx_word' id='word_1_54' title='bbox 549 1313 631 1410; x_wconf 88' lang='lat' dir='ltr'><strong>legi,</strong></span> <span class='ocrx_word' id='word_1_55' title='bbox 649 1343 748 1416; x_wconf 88' lang='lat' dir='ltr'><strong>quam</strong></span> <span class='ocrx_word' id='word_1_56' title='bbox 759 1315 894 1392; x_wconf 83' lang='lat' dir='ltr'><strong>incertis</strong></span> <span class='ocrx_word' id='word_1_57' title='bbox 906 1317 1209 1408; x_wconf 84' lang='lat' dir='ltr'><strong>emendationibus,</strong></span> <span class='ocrx_word' id='word_1_58' title='bbox 1220 1315 1275 1393; x_wconf 81' lang='lat' dir='ltr'><strong>vel</strong></span> 
     </span>
    </p>
   </div>
   <div class='ocr_carea' id='block_1_5' title="bbox 185 1449 1286 4349">
    <p class='ocr_par' dir='ltr' id='par_1_5' title="bbox 185 1449 1286 4349">
     <span class='ocr_line' id='line_1_8' title="bbox 208 1449 575 1541; baseline 0 -18"><span class='ocrx_word' id='word_1_59' title='bbox 208 1486 227 1523; x_wconf 82' lang='lat' dir='ltr'><strong>s</strong></span> <span class='ocrx_word' id='word_1_60' title='bbox 244 1453 342 1541; x_wconf 89' lang='lat' dir='ltr'><strong>meis,</strong></span> <span class='ocrx_word' id='word_1_61' title='bbox 359 1449 536 1524; x_wconf 86' lang='lat' dir='ltr'><strong>immutari.</strong></span> <span class='ocrx_word' id='word_1_62' title='bbox 557 1481 575 1515; x_wconf 78' lang='lat' dir='ltr'><strong>u</strong></span> 
     </span>
     <span class='ocr_line' id='line_1_9' title="bbox 258 1579 1275 1681; baseline 0 -23"><span class='ocrx_word' id='word_1_63' title='bbox 258 1583 363 1681; x_wconf 85' lang='lat' dir='ltr'><strong>Quod</strong></span> <span class='ocrx_word' id='word_1_64' title='bbox 380 1585 576 1658; x_wconf 85' lang='lat' dir='ltr'><strong>Burmanuo</strong></span> <span class='ocrx_word' id='word_1_65' title='bbox 588 1580 754 1655; x_wconf 76' lang='lat' dir='ltr'><strong>Heinsius</strong></span> <span class='ocrx_word' id='word_1_66' title='bbox 765 1579 905 1677; x_wconf 81' lang='lat' dir='ltr'><strong>fingitur</strong></span> <span class='ocrx_word' id='word_1_67' title='bbox 918 1583 973 1658; x_wconf 90' lang='lat' dir='ltr'><strong>hic</strong></span> <span class='ocrx_word' id='word_1_68' title='bbox 993 1583 1129 1673; x_wconf 85' lang='lat' dir='ltr'><strong>dixisse,</strong></span> <span class='ocrx_word' id='word_1_69' title='bbox 1148 1583 1275 1658; x_wconf 90' lang='lat' dir='ltr'><strong>dictum</strong></span> 
     </span>
     <span class='ocr_line' id='line_1_10' title="bbox 209 1700 1276 1818; baseline 0 -28"><span class='ocrx_word' id='word_1_70' title='bbox 209 1734 307 1818; x_wconf 88' lang='lat' dir='ltr'><strong>puta,</strong></span> <span class='ocrx_word' id='word_1_71' title='bbox 323 1717 458 1805; x_wconf 80' lang='lat' dir='ltr'><strong>Lector,</strong></span> <span class='ocrx_word' id='word_1_72' title='bbox 475 1713 652 1788; x_wconf 78' lang='lat' dir='ltr'><strong>recentiori</strong></span> <span class='ocrx_word' id='word_1_73' title='bbox 665 1713 804 1791; x_wconf 87' lang='lat' dir='ltr'><strong>cuilibet</strong></span> <span class='ocrx_word' id='word_1_74' title='bbox 814 1700 960 1790; x_wconf 81' lang='lat' dir='ltr'><strong>Nasonis</strong></span> <span class='ocrx_word' id='word_1_75' title='bbox 973 1717 1165 1817; x_wconf 80' lang='lat' dir='ltr'><strong>interpreti,</strong></span> <span class='ocrx_word' id='word_1_76' title='bbox 1180 1716 1276 1816; x_wconf 88' lang='lat' dir='ltr'><strong>cujus</strong></span> 
     </span>
     <span class='ocr_line' id='line_1_11' title="bbox 208 1847 1277 1952; baseline 0.001 -28"><span class='ocrx_word' id='word_1_77' title='bbox 208 1850 412 1952; x_wconf 73' lang='lat' dir='ltr'><strong>precipuum</strong></span> <span class='ocrx_word' id='word_1_78' title='bbox 432 1875 523 1922; x_wconf 87' lang='lat' dir='ltr'><strong>nnnc</strong></span> <span class='ocrx_word' id='word_1_79' title='bbox 545 1873 680 1921; x_wconf 28' lang='lat' dir='ltr'><strong>munus-v</strong></span> <span class='ocrx_word' id='word_1_80' title='bbox 697 1847 813 1921; x_wconf 87' lang='lat' dir='ltr'><strong>ordine</strong></span> <span class='ocrx_word' id='word_1_81' title='bbox 837 1847 983 1937; x_wconf 88' lang='lat' dir='ltr'><strong>meliori,</strong></span> <span class='ocrx_word' id='word_1_82' title='bbox 1010 1875 1083 1949; x_wconf 85' lang='lat' dir='ltr'><strong>quae</strong></span> <span class='ocrx_word' id='word_1_83' title='bbox 1110 1848 1277 1944; x_wconf 87' lang='lat' dir='ltr'><strong>indigesta</strong></span> 
     </span>
     <span class='ocr_line' id='line_1_12' title="bbox 208 1977 1277 2081; baseline 0 -26"><span class='ocrx_word' id='word_1_84' title='bbox 208 1982 374 2078; x_wconf 83' lang='lat' dir='ltr'><strong>digerere,</strong></span> <span class='ocrx_word' id='word_1_85' title='bbox 392 2009 540 2056; x_wconf 85' lang='lat' dir='ltr'><strong>coercere</strong></span> <span class='ocrx_word' id='word_1_86' title='bbox 557 1977 758 2081; x_wconf 81' lang='lat' dir='ltr'><strong>prolixiora,</strong></span> <span class='ocrx_word' id='word_1_87' title='bbox 774 1979 907 2056; x_wconf 85' lang='lat' dir='ltr'><strong>inutilia</strong></span> <span class='ocrx_word' id='word_1_88' title='bbox 921 1981 1057 2054; x_wconf 87' lang='lat' dir='ltr'><strong>omnino</strong></span> <span class='ocrx_word' id='word_1_89' title='bbox 1072 1980 1221 2071; x_wconf 89' lang='lat' dir='ltr'><strong>abolere,</strong></span> <span class='ocrx_word' id='word_1_90' title='bbox 1241 1999 1277 2056; x_wconf 87' lang='lat' dir='ltr'><strong>et</strong></span> 
     </span>
     <span class='ocr_line' id='line_1_13' title="bbox 208 2109 1274 2220; baseline -0.001 -32"><span class='ocrx_word' id='word_1_91' title='bbox 208 2114 259 2188; x_wconf 78' lang='lat' dir='ltr'><strong>tel</strong></span> <span class='ocrx_word' id='word_1_92' title='bbox 271 2115 307 2188; x_wconf 88' lang='lat' dir='ltr'><strong>in</strong></span> <span class='ocrx_word' id='word_1_93' title='bbox 319 2113 471 2215; x_wconf 90' lang='lat' dir='ltr'><strong>probatis</strong></span> <span class='ocrx_word' id='word_1_94' title='bbox 483 2111 622 2185; x_wconf 88' lang='lat' dir='ltr'><strong>modum</strong></span> <span class='ocrx_word' id='word_1_95' title='bbox 635 2109 810 2212; x_wconf 80' lang='lat' dir='ltr'><strong>quemdam</strong></span> <span class='ocrx_word' id='word_1_96' title='bbox 824 2129 859 2186; x_wconf 87' lang='lat' dir='ltr'><strong>et</strong></span> <span class='ocrx_word' id='word_1_97' title='bbox 870 2112 1083 2220; x_wconf 85' lang='lat' dir='ltr'><strong>sobrietatem</strong></span> <span class='ocrx_word' id='word_1_98' title='bbox 1099 2112 1274 2202; x_wconf 89' lang='lat' dir='ltr'><strong>adhibere,</strong></span> 
     </span>
     <span class='ocr_line' id='line_1_14' title="bbox 208 2245 1277 2345; baseline 0.001 -24"><span class='ocrx_word' id='word_1_99' title='bbox 208 2247 299 2322; x_wconf 83' lang='lat' dir='ltr'><strong>unde</strong></span> <span class='ocrx_word' id='word_1_100' title='bbox 314 2248 360 2320; x_wconf 87' lang='lat' dir='ltr'><strong>sit</strong></span> <span class='ocrx_word' id='word_1_101' title='bbox 373 2247 415 2320; x_wconf 85' lang='lat' dir='ltr'><strong>iis</strong></span> <span class='ocrx_word' id='word_1_102' title='bbox 429 2245 538 2334; x_wconf 86' lang='lat' dir='ltr'><strong>locus,</strong></span> <span class='ocrx_word' id='word_1_103' title='bbox 557 2273 629 2345; x_wconf 87' lang='lat' dir='ltr'><strong>quae</strong></span> <span class='ocrx_word' id='word_1_104' title='bbox 646 2245 687 2319; x_wconf 89' lang='lat' dir='ltr'><strong>de</strong></span> <span class='ocrx_word' id='word_1_105' title='bbox 700 2273 762 2320; x_wconf 92' lang='lat' dir='ltr'><strong>suo</strong></span> <span class='ocrx_word' id='word_1_106' title='bbox 776 2245 926 2321; x_wconf 87' lang='lat' dir='ltr'><strong>addenda</strong></span> <span class='ocrx_word' id='word_1_107' title='bbox 936 2247 1118 2343; x_wconf 82' lang='lat' dir='ltr'><strong>censuerit3</strong></span> <span class='ocrx_word' id='word_1_108' title='bbox 1136 2248 1194 2322; x_wconf 87' lang='lat' dir='ltr'><strong>sed</strong></span> <span class='ocrx_word' id='word_1_109' title='bbox 1205 2247 1277 2322; x_wconf 80' lang='lat' dir='ltr'><strong>hee</strong></span> 
     </span>
     <span class='ocr_line' id='line_1_15' title="bbox 185 2375 1277 2481; baseline 0 -28"><span class='ocrx_word' id='word_1_110' title='bbox 185 2465 187 2468; x_wconf 17' lang='lat'>¹</span> <span class='ocrx_word' id='word_1_111' title='bbox 210 2407 346 2480; x_wconf 80' lang='lat' dir='ltr'><strong>quoquo</strong></span> <span class='ocrx_word' id='word_1_112' title='bbox 365 2406 463 2479; x_wconf 84' lang='lat' dir='ltr'><strong>parco</strong></span> <span class='ocrx_word' id='word_1_113' title='bbox 482 2375 677 2468; x_wconf 84' lang='lat' dir='ltr'><strong>admodum,</strong></span> <span class='ocrx_word' id='word_1_114' title='bbox 696 2405 739 2452; x_wconf 87' lang='lat' dir='ltr'><strong>ne</strong></span> <span class='ocrx_word' id='word_1_115' title='bbox 759 2375 853 2452; x_wconf 73' lang='lat' dir='ltr'><strong>duco!</strong></span> <span class='ocrx_word' id='word_1_116' title='bbox 873 2381 905 2452; x_wconf 79' lang='lat' dir='ltr'><strong>in</strong></span> <span class='ocrx_word' id='word_1_117' title='bbox 923 2379 1032 2453; x_wconf 77' lang='lat' dir='ltr'><strong>vitium</strong></span> <span class='ocrx_word' id='word_1_118' title='bbox 1048 2379 1154 2480; x_wconf 92' lang='lat' dir='ltr'><strong>ipsius</strong></span> <span class='ocrx_word' id='word_1_119' title='bbox 1175 2380 1277 2481; x_wconf 70' lang='lat' dir='ltr'><strong>culptoe</strong></span> 
     </span>
     <span class='ocr_line' id='line_1_16' title="bbox 196 2507 1278 2612; baseline -0.001 -28"><span class='ocrx_word' id='word_1_120' title='bbox 196 2507 291 2610; x_wconf 75' lang='lat' dir='ltr'><strong>sugo.</strong></span> <span class='ocrx_word' id='word_1_121' title='bbox 317 2510 407 2584; x_wconf 88' lang='lat' dir='ltr'><strong>Sunt</strong></span> <span class='ocrx_word' id='word_1_122' title='bbox 425 2510 513 2584; x_wconf 89' lang='lat' dir='ltr'><strong>enim</strong></span> <span class='ocrx_word' id='word_1_123' title='bbox 533 2526 645 2610; x_wconf 88' lang='lat' dir='ltr'><strong>partes</strong></span> <span class='ocrx_word' id='word_1_124' title='bbox 669 2509 717 2583; x_wconf 89' lang='lat' dir='ltr'><strong>ita</strong></span> <span class='ocrx_word' id='word_1_125' title='bbox 736 2511 805 2584; x_wconf 89' lang='lat' dir='ltr'><strong>suis</strong></span> <span class='ocrx_word' id='word_1_126' title='bbox 823 2511 970 2585; x_wconf 83' lang='lat' dir='ltr'><strong>numeris</strong></span> <span class='ocrx_word' id='word_1_127' title='bbox 987 2507 1166 2599; x_wconf 79' lang='lat' dir='ltr'><strong>absolutae,</strong></span> <span class='ocrx_word' id='word_1_128' title='bbox 1186 2511 1278 2612; x_wconf 90' lang='lat' dir='ltr'><strong>apud</strong></span> 
     </span>
     <span class='ocr_line' id='line_1_17' title="bbox 210 2641 1283 2742; baseline -0.002 -24"><span class='ocrx_word' id='word_1_129' title='bbox 210 2642 346 2720; x_wconf 83' lang='lat' dir='ltr'><strong>criticos</strong></span> <span class='ocrx_word' id='word_1_130' title='bbox 360 2659 492 2716; x_wconf 73' lang='lat' dir='ltr'><strong>astatum</strong></span> <span class='ocrx_word' id='word_1_131' title='bbox 514 2641 741 2742; x_wconf 82' lang='lat' dir='ltr'><strong>superiorum,</strong></span> <span class='ocrx_word' id='word_1_132' title='bbox 758 2659 798 2716; x_wconf 89' lang='lat' dir='ltr'><strong>ut</strong></span> <span class='ocrx_word' id='word_1_133' title='bbox 813 2670 947 2716; x_wconf 89' lang='lat' dir='ltr'><strong>summa</strong></span> <span class='ocrx_word' id='word_1_134' title='bbox 973 2671 1049 2716; x_wconf 89' lang='lat' dir='ltr'><strong>eum</strong></span> <span class='ocrx_word' id='word_1_135' title='bbox 1068 2642 1283 2717; x_wconf 84' lang='lat' dir='ltr'><strong>veneratione·</strong></span> 
     </span>
     <span class='ocr_line' id='line_1_18' title="bbox 213 2750 1279 2877; baseline 0 -27"><span class='ocrx_word' id='word_1_136' title='bbox 213 2773 326 2876; x_wconf 78' lang='lat' dir='ltr'><strong>quales</strong></span> <span class='ocrx_word' id='word_1_137' title='bbox 348 2792 444 2862; x_wconf 87' lang='lat' dir='ltr'><strong>sunt,</strong></span> <span class='ocrx_word' id='word_1_138' title='bbox 463 2771 544 2856; x_wconf 81' lang='lat' dir='ltr'><strong>tales</strong></span> <span class='ocrx_word' id='word_1_139' title='bbox 566 2775 787 2877; x_wconf 81' lang='lat' dir='ltr'><strong>excipiendae,</strong></span> <span class='ocrx_word' id='word_1_140' title='bbox 812 2750 1052 2874; x_wconf 80' lang='lat' dir='ltr'><strong>servandaeque.</strong></span> <span class='ocrx_word' id='word_1_141' title='bbox 1082 2775 1170 2872; x_wconf 80' lang='lat' dir='ltr'><strong>Quis</strong></span> <span class='ocrx_word' id='word_1_142' title='bbox 1189 2774 1279 2850; x_wconf 88' lang='lat' dir='ltr'><strong>enim</strong></span> 
     </span>
     <span class='ocr_line' id='line_1_19' title="bbox 211 2905 1279 2999; baseline 0.002 -17"><span class='ocrx_word' id='word_1_143' title='bbox 211 2917 367 2984; x_wconf 78' lang='lat' dir='ltr'><strong>nostrum</strong></span> <span class='ocrx_word' id='word_1_144' title='bbox 382 2909 566 2983; x_wconf 77' lang='lat' dir='ltr'><strong>doctiorem</strong></span> <span class='ocrx_word' id='word_1_145' title='bbox 583 2937 617 2984; x_wconf 88' lang='lat' dir='ltr'><strong>se</strong></span> <span class='ocrx_word' id='word_1_146' title='bbox 634 2927 687 2983; x_wconf 88' lang='lat' dir='ltr'><strong>tot</strong></span> <span class='ocrx_word' id='word_1_147' title='bbox 702 2909 811 2983; x_wconf 86' lang='lat' dir='ltr'><strong>doctis</strong></span> <span class='ocrx_word' id='word_1_148' title='bbox 822 2909 918 2999; x_wconf 87' lang='lat' dir='ltr'><strong>viris,</strong></span> <span class='ocrx_word' id='word_1_149' title='bbox 933 2905 983 2982; x_wconf 83' lang='lat' dir='ltr'><strong>vel</strong></span> <span class='ocrx_word' id='word_1_150' title='bbox 998 2907 1098 2983; x_wconf 90' lang='lat' dir='ltr'><strong>latine</strong></span> <span class='ocrx_word' id='word_1_151' title='bbox 1112 2910 1195 2984; x_wconf 83' lang='lat' dir='ltr'><strong>scire</strong></span> <span class='ocrx_word' id='word_1_152' title='bbox 1209 2939 1279 2984; x_wconf 88' lang='lat' dir='ltr'><strong>me-</strong></span> 
     </span>
     <span class='ocr_line' id='line_1_20' title="bbox 213 3041 1280 3146; baseline 0.003 -30"><span class='ocrx_word' id='word_1_153' title='bbox 213 3041 298 3133; x_wconf 91' lang='lat' dir='ltr'><strong>lius,</strong></span> <span class='ocrx_word' id='word_1_154' title='bbox 314 3044 486 3118; x_wconf 85' lang='lat' dir='ltr'><strong>immutata</strong></span> <span class='ocrx_word' id='word_1_155' title='bbox 501 3045 627 3133; x_wconf 85' lang='lat' dir='ltr'><strong>fronte,</strong></span> <span class='ocrx_word' id='word_1_156' title='bbox 644 3044 857 3144; x_wconf 76' lang='lat' dir='ltr'><strong>jactitaverit,</strong></span> <span class='ocrx_word' id='word_1_157' title='bbox 874 3071 974 3144; x_wconf 88' lang='lat' dir='ltr'><strong>quam</strong></span> <span class='ocrx_word' id='word_1_158' title='bbox 987 3044 1062 3144; x_wconf 92' lang='lat' dir='ltr'><strong>qui,</strong></span> <span class='ocrx_word' id='word_1_159' title='bbox 1080 3043 1168 3118; x_wconf 85' lang='lat' dir='ltr'><strong>sacto</strong></span> <span class='ocrx_word' id='word_1_160' title='bbox 1184 3045 1280 3146; x_wconf 89' lang='lat' dir='ltr'><strong>quasi</strong></span> 
     </span>
     <span class='ocr_line' id='line_1_21' title="bbox 214 3175 1281 3275; baseline 0.003 -26"><span class='ocrx_word' id='word_1_161' title='bbox 214 3205 290 3249; x_wconf 86' lang='lat' dir='ltr'><strong>eum</strong></span> <span class='ocrx_word' id='word_1_162' title='bbox 301 3177 370 3250; x_wconf 86' lang='lat' dir='ltr'><strong>suis</strong></span> <span class='ocrx_word' id='word_1_163' title='bbox 381 3175 544 3265; x_wconf 83' lang='lat' dir='ltr'><strong>divortio,</strong></span> <span class='ocrx_word' id='word_1_164' title='bbox 557 3177 621 3251; x_wconf 90' lang='lat' dir='ltr'><strong>toti</strong></span> <span class='ocrx_word' id='word_1_165' title='bbox 632 3177 668 3250; x_wconf 92' lang='lat' dir='ltr'><strong>in</strong></span> <span class='ocrx_word' id='word_1_166' title='bbox 680 3179 821 3251; x_wconf 86' lang='lat' dir='ltr'><strong>Romam</strong></span> <span class='ocrx_word' id='word_1_167' title='bbox 832 3176 1003 3275; x_wconf 87' lang='lat' dir='ltr'><strong>antiquam</strong></span> <span class='ocrx_word' id='word_1_168' title='bbox 1018 3177 1281 3272; x_wconf 81' lang='lat' dir='ltr'><strong>emigraverant?</strong></span> 
     </span>
     <span class='ocr_line' id='line_1_22' title="bbox 215 3305 1280 3410; baseline 0.004 -30"><span class='ocrx_word' id='word_1_169' title='bbox 215 3306 321 3403; x_wconf 87' lang='lat' dir='ltr'><strong>Quod</strong></span> <span class='ocrx_word' id='word_1_170' title='bbox 333 3325 460 3409; x_wconf 86' lang='lat' dir='ltr'><strong>spectat</strong></span> <span class='ocrx_word' id='word_1_171' title='bbox 473 3309 576 3404; x_wconf 86' lang='lat' dir='ltr'><strong>igitur</strong></span> <span class='ocrx_word' id='word_1_172' title='bbox 585 3309 627 3382; x_wconf 89' lang='lat' dir='ltr'><strong>ad</strong></span> <span class='ocrx_word' id='word_1_173' title='bbox 637 3309 736 3383; x_wconf 83' lang='lat' dir='ltr'><strong>MSS.</strong></span> <span class='ocrx_word' id='word_1_174' title='bbox 749 3309 837 3382; x_wconf 89' lang='lat' dir='ltr'><strong>inter</strong></span> <span class='ocrx_word' id='word_1_175' title='bbox 847 3325 881 3380; x_wconf 79' lang='lat' dir='ltr'><strong>&#39;se</strong></span> <span class='ocrx_word' id='word_1_176' title='bbox 892 3305 1116 3398; x_wconf 75' lang='lat' dir='ltr'><strong>collationem,</strong></span> <span class='ocrx_word' id='word_1_177' title='bbox 1136 3339 1280 3410; x_wconf 91' lang='lat' dir='ltr'><strong>quorum</strong></span> 
     </span>
     <span class='ocr_line' id='line_1_23' title="bbox 214 3426 1286 3544; baseline 0.004 -31"><span class='ocrx_word' id='word_1_178' title='bbox 214 3441 299 3542; x_wconf 87' lang='lat' dir='ltr'><strong>ipsis</strong></span> <span class='ocrx_word' id='word_1_179' title='bbox 314 3442 462 3542; x_wconf 89' lang='lat' dir='ltr'><strong>undique</strong></span> <span class='ocrx_word' id='word_1_180' title='bbox 478 3443 588 3544; x_wconf 86' lang='lat' dir='ltr'><strong>copia,</strong></span> <span class='ocrx_word' id='word_1_181' title='bbox 618 3426 714 3516; x_wconf 81' lang='lat' dir='ltr'><strong>etad</strong></span> <span class='ocrx_word' id='word_1_182' title='bbox 731 3441 909 3515; x_wconf 83' lang='lat' dir='ltr'><strong>verborum</strong></span> <span class='ocrx_word' id='word_1_183' title='bbox 930 3440 1236 3541; x_wconf 88' lang='lat' dir='ltr'><strong>interpretationem</strong></span> <span class='ocrx_word' id='word_1_184' title='bbox 1264 3469 1286 3517; x_wconf 80' lang='lat' dir='ltr'><strong>e·</strong></span> 
     </span>
     <span class='ocr_line' id='line_1_24' title="bbox 211 3571 1281 3675; baseline 0.006 -31"><span class='ocrx_word' id='word_1_185' title='bbox 211 3572 332 3660; x_wconf 79' lang='lat' dir='ltr'><strong>literis,</strong></span> <span class='ocrx_word' id='word_1_186' title='bbox 366 3592 528 3675; x_wconf 87' lang='lat' dir='ltr'><strong>punctum</strong></span> <span class='ocrx_word' id='word_1_187' title='bbox 556 3573 693 3646; x_wconf 89' lang='lat' dir='ltr'><strong>omnino</strong></span> <span class='ocrx_word' id='word_1_188' title='bbox 716 3571 884 3662; x_wconf 80' lang='lat' dir='ltr'><strong>tulmunt3</strong></span> <span class='ocrx_word' id='word_1_189' title='bbox 917 3571 975 3646; x_wconf 90' lang='lat' dir='ltr'><strong>sed</strong></span> <span class='ocrx_word' id='word_1_190' title='bbox 1003 3572 1188 3648; x_wconf 86' lang='lat' dir='ltr'><strong>tollendum</strong></span> <span class='ocrx_word' id='word_1_191' title='bbox 1208 3573 1281 3650; x_wconf 92' lang='lat' dir='ltr'><strong>aliis</strong></span> 
     </span>
     <span class='ocr_line' id='line_1_25' title="bbox 215 3695 1284 3807; baseline 0.006 -31"><span class='ocrx_word' id='word_1_192' title='bbox 215 3701 411 3806; x_wconf 86' lang='lat' dir='ltr'><strong>plerumque</strong></span> <span class='ocrx_word' id='word_1_193' title='bbox 421 3704 636 3807; x_wconf 86' lang='lat' dir='ltr'><strong>reliquerunt,</strong></span> <span class='ocrx_word' id='word_1_194' title='bbox 653 3695 715 3779; x_wconf 91' lang='lat' dir='ltr'><strong>ubi</strong></span> <span class='ocrx_word' id='word_1_195' title='bbox 731 3733 847 3779; x_wconf 89' lang='lat' dir='ltr'><strong>sensus</strong></span> <span class='ocrx_word' id='word_1_196' title='bbox 858 3703 1094 3794; x_wconf 87' lang='lat' dir='ltr'><strong>enucleandos,</strong></span> <span class='ocrx_word' id='word_1_197' title='bbox 1111 3707 1169 3806; x_wconf 90' lang='lat' dir='ltr'><strong>qui</strong></span> <span class='ocrx_word' id='word_1_198' title='bbox 1183 3705 1284 3782; x_wconf 82' lang='lat' dir='ltr'><strong>lateat</strong></span> 
     </span>
     <span class='ocr_line' id='line_1_26' title="bbox 217 3833 1285 3926; baseline 0.005 -17"><span class='ocrx_word' id='word_1_199' title='bbox 217 3833 424 3926; x_wconf 86' lang='lat' dir='ltr'><strong>abstrusior;</strong></span> <span class='ocrx_word' id='word_1_200' title='bbox 449 3838 510 3912; x_wconf 90' lang='lat' dir='ltr'><strong>ubi</strong></span> <span class='ocrx_word' id='word_1_201' title='bbox 534 3835 712 3913; x_wconf 86' lang='lat' dir='ltr'><strong>evolvenda</strong></span> <span class='ocrx_word' id='word_1_202' title='bbox 735 3865 845 3912; x_wconf 89' lang='lat' dir='ltr'><strong>rerum</strong></span> <span class='ocrx_word' id='word_1_203' title='bbox 870 3837 970 3912; x_wconf 89' lang='lat' dir='ltr'><strong>series</strong></span> <span class='ocrx_word' id='word_1_204' title='bbox 992 3855 1026 3912; x_wconf 90' lang='lat' dir='ltr'><strong>et</strong></span> <span class='ocrx_word' id='word_1_205' title='bbox 1047 3838 1285 3914; x_wconf 89' lang='lat' dir='ltr'><strong>sententiarum</strong></span> 
     </span>
     <span class='ocr_line' id='line_1_27' title="bbox 217 3969 1281 4072; baseline 0.004 -30"><span class='ocrx_word' id='word_1_206' title='bbox 217 3969 395 4059; x_wconf 64' lang='lat' dir='ltr'><strong>connexim</strong></span> <span class='ocrx_word' id='word_1_207' title='bbox 412 3969 698 4072; x_wconf 81' lang='lat' dir='ltr'><strong>evulgandumque</strong></span> <span class='ocrx_word' id='word_1_208' title='bbox 715 3988 822 4072; x_wconf 86' lang='lat' dir='ltr'><strong>poetae</strong></span> <span class='ocrx_word' id='word_1_209' title='bbox 837 3972 873 4044; x_wconf 88' lang='lat' dir='ltr'><strong>in</strong></span> <span class='ocrx_word' id='word_1_210' title='bbox 892 3970 1068 4046; x_wconf 84' lang='lat' dir='ltr'><strong>scribendo</strong></span> <span class='ocrx_word' id='word_1_211' title='bbox 1090 3971 1281 4062; x_wconf 85' lang='lat' dir='ltr'><strong>artificium,</strong></span> 
     </span>
     <span class='ocr_line' id='line_1_28' title="bbox 218 4100 1284 4206; baseline 0.005 -33"><span class='ocrx_word' id='word_1_212' title='bbox 218 4100 269 4174; x_wconf 82' lang='lat' dir='ltr'><strong>vel</strong></span> <span class='ocrx_word' id='word_1_213' title='bbox 293 4102 419 4199; x_wconf 89' lang='lat' dir='ltr'><strong>ingenii</strong></span> <span class='ocrx_word' id='word_1_214' title='bbox 442 4102 492 4176; x_wconf 87' lang='lat' dir='ltr'><strong>vis</strong></span> <span class='ocrx_word' id='word_1_215' title='bbox 515 4103 551 4176; x_wconf 90' lang='lat' dir='ltr'><strong>in</strong></span> <span class='ocrx_word' id='word_1_216' title='bbox 568 4101 789 4198; x_wconf 85' lang='lat' dir='ltr'><strong>imaginando.</strong></span> <span class='ocrx_word' id='word_1_217' title='bbox 818 4105 895 4178; x_wconf 91' lang='lat' dir='ltr'><strong>Uno</strong></span> <span class='ocrx_word' id='word_1_218' title='bbox 916 4103 1043 4179; x_wconf 90' lang='lat' dir='ltr'><strong>verbo:</strong></span> <span class='ocrx_word' id='word_1_219' title='bbox 1067 4133 1139 4206; x_wconf 82' lang='lat' dir='ltr'><strong>quae</strong></span> <span class='ocrx_word' id='word_1_220' title='bbox 1157 4101 1284 4178; x_wconf 83' lang='lat' dir='ltr'><strong>nullius</strong></span> 
     </span>
     <span class='ocr_line' id='line_1_29' title="bbox 213 4209 1283 4349; baseline 0.005 -42"><span class='ocrx_word' id='word_1_221' title='bbox 213 4252 275 4308; x_wconf 80' lang='lat' dir='ltr'><strong>aut</strong></span> <span class='ocrx_word' id='word_1_222' title='bbox 285 4237 424 4328; x_wconf 83' lang='lat' dir='ltr'><strong>minoris</strong></span> <span class='ocrx_word' id='word_1_223' title='bbox 440 4238 619 4349; x_wconf 82' lang='lat' dir='ltr'><strong>momenti,</strong></span> <span class='ocrx_word' id='word_1_224' title='bbox 633 4237 807 4316; x_wconf 80' lang='lat' dir='ltr'><strong>verbosius</strong></span> <span class='ocrx_word' id='word_1_225' title='bbox 826 4209 1009 4340; x_wconf 72' lang='lat' dir='ltr'><strong>explicent3</strong></span> <span class='ocrx_word' id='word_1_226' title='bbox 1028 4265 1100 4339; x_wconf 86' lang='lat' dir='ltr'><strong>quae</strong></span> <span class='ocrx_word' id='word_1_227' title='bbox 1115 4265 1193 4313; x_wconf 81' lang='lat' dir='ltr'><strong>vero</strong></span> <span class='ocrx_word' id='word_1_228' title='bbox 1206 4265 1283 4334; x_wconf 90' lang='lat' dir='ltr'><strong>gra-</strong></span> 
     </span>
    </p>
   </div>
   <div class='ocr_carea' id='block_1_6' title="bbox 0 0 1438 4992">
    <p class='ocr_par' dir='ltr' id='par_1_6' title="bbox 0 0 1438 4992">
     <span class='ocr_line' id='line_1_30' title="bbox 0 0 1438 4992; baseline 0 0"><span class='ocrx_word' id='word_1_229' title='bbox 0 0 1438 4992; x_wconf 95' lang='lat' dir='ltr'><strong> </strong></span> 
     </span>
    </p>
   </div>
  </div>
 </body>
</html>
