2854 4992
509 474 804 546 PRAEFATIO.
1162 502 1199 551 x1

123 647 264 722 Lfflttt
278 639 528 738 cogitaverunt,
549 641 663 738 magni
675 640 777 716 refert
788 611 989 730 illos'seire,
1007 669 1151 743 quorum
1163 645 1200 722 in

121 801 242 851 manus
259 771 493 861 inciderimus3
516 789 557 851 ut
578 772 608 847 si
629 772 712 875 quid
725 751 901 874 promissis
922 771 1028 873 majus
1047 775 1200 876 protule-

122 906 246 996 rimus,
267 901 575 1002 congratulentur:
600 903 727 980 sivero
752 904 834 1007 quid
856 905 991 998 minus,
1011 935 1108 1012 aequo
1124 879 1200 1010 jure

123 1035 311 1149 postulent
536 1023 539 1032 ¹

169 1167 281 1245 Porro
303 1185 414 1245 autem
437 1185 592 1244 nostrum
613 1168 798 1272 unicuique
818 1169 1049 1274 proscriptum
1068 1171 1201 1248 incum-

119 1303 246 1393 bebat,
276 1312 322 1376 1⁰.
336 1321 377 1378 ut
389 1318 517 1378 textum
529 1299 702 1377 exhiberet
713 1279 1031 1398 castigatissimum3
1056 1303 1149 1405 quod
1161 1321 1201 1378 ut

99 1521 102 1530 ,
121 1452 372 1538 assequeretur,
396 1435 465 1511 sive
483 1434 686 1537 optimarum
704 1433 887 1512 lectionum
908 1434 1109 1528 collatione,
1133 1437 1202 1512 sive

121 1565 224 1646 ttss.
252 1563 349 1671 ope,
362 1568 392 1643 si
413 1596 501 1670 quoa
515 1568 646 1670 priores
666 1566 825 1642 Editores
842 1566 894 1642 vel
913 1567 1124 1666 ignorarint,
1150 1567 1203 1646 vel

121 1699 348 1798 neglexerint,
373 1700 535 1802 cujusmre
560 1698 702 1775 arbitrio
725 1699 991 1803 permittebatur.
1020 1711 1069 1774 2⁰.
1095 1701 1202 1776 Utin

121 1831 287 1932 judicium
308 1821 541 1909 addicerentur
563 1832 765 1934 quicumque
787 1817 807 1905 a
825 1831 1075 1907 renascentibus
1096 1829 1202 1907 literis

123 1963 164 2039 ad
186 1993 254 2040 nos
271 1992 399 2068 usque,
422 1965 562 2040 Latinos
584 1965 773 2068 Scriptores
798 1964 1092 2054 adnotationibus,
1110 1993 1202 2040 com-

121 2097 303 2201 meptariis·
312 2116 347 2173 et
361 2098 636 2200 interpretatione
650 2081 879 2186 illustrarunt,
893 2115 928 2171 et
942 2096 1107 2198 quidquid
1124 2097 1203 2172 inde

121 2232 215 2306 'succi
233 2248 269 2306 et
284 2231 420 2305 roboris
438 2249 555 2332 posset
571 2231 728 2334 exprimi,
751 2231 788 2305 in
809 2248 964 2306 nostrum
985 2259 1073 2332 opus
1094 2249 1203 2305 trans-

116 2363 239 2440 ·susum
262 2362 416 2438 inllueret
436 2391 444 2436 τ
468 2364 515 2439 ita
533 2382 661 2454 tamen,
681 2381 722 2438 ut
739 2391 837 2438 suum
860 2363 987 2465 ubique
1004 2363 1059 2463 jus
1080 2363 1204 2440 Editor

120 2524 232 2571 novus
242 2496 401 2570 retineret
412 2494 647 2586 abbreviandi,
662 2494 844 2598 ampliandi
855 2513 890 2571 et
901 2494 1089 2592 corrigendi
1104 2495 1203 2598 quid-

119 2628 204 2731 quid
226 2627 364 2702 brevius
382 2625 586 2724 longius-ve,
605 2646 664 2704 aut
684 2628 843 2703 mendose
867 2628 994 2704 dictum
1015 2628 1200 2732 depreben-

120 2761 224 2836 deret.
254 2758 311 2833 3⁰.
334 2759 488 2862 Denique
511 2764 643 2862 (neque
658 2760 725 2835 boc
740 2760 924 2862 provinciae
939 2742 1062 2835 nostrae¹
1079 2788 1202 2836 munus

119 2892 351 2987 levissimum)
367 2911 407 2966 ut
423 2891 592 2995 quidquid
606 2892 648 2968 ad
665 2891 828 2968 sermonis
842 2892 1064 2967 sinceritatem
1084 2909 1118 2966 et
1132 2891 1201 2968 ele·

121 3028 271 3122 gantiam
285 3043 467 3128 spectaret,
482 3024 649 3128 quidquid
662 3025 705 3102 ad
717 3025 873 3100 dictionis
886 3024 1015 3127 lepores
1032 3023 1084 3100 vel
1099 3025 1199 3100 etiam

121 3157 218 3246 vitia,
244 3185 286 3233 eo
300 3156 495 3255 diligentius
508 3149 741 3248 adnotaretur,
761 3185 836 3263 quo·
845 3185 924 3260 pars
942 3183 981 3232 ea
1001 3155 1124 3231 critice
1147 3157 1201 3230 in-

122 3289 375 3391 terpretationis
395 3288 605 3392 frequentius
635 3289 733 3392 apud.
757 3290 1045 3365 Commentatores
1070 3287 1201 3364 deside-

122 3438 224 3494 ratur.
241 3423 322 3495 Haec
333 3421 469 3496 cunetis
476 3421 634 3497 obeunda
643 3422 778 3512 munia;
792 3421 852 3497 sed
859 3421 950 3497 vario
963 3413 1073 3496 tamen
1080 3420 1197 3509 brodo,

121 3569 227 3651 prout
245 3553 448 3654 postularet,
467 3553 525 3656 qui
541 3554 662 3656 cuique
679 3551 832 3655 Scriptor
846 3549 1115 3654 interpretandus
1133 3553 1198 3628 olr-

121 3683 256 3780 tigisset
276 3713 287 3760 a
305 3687 395 3762 unde
411 3686 467 3774 fit,
485 3706 526 3761 ut
542 3685 584 3762 ad
603 3686 755 3762 eumdem
773 3683 889 3776 finem,
913 3685 971 3762 sed
992 3684 1123 3760 diverso
1139 3685 1196 3759 iti-

121 3843 216 3910 nere,
234 3819 361 3922 pariter
379 3845 494 3898 onmes
512 3819 797 3896 contenderemus.

170 3953 278 4050 Quod
294 3954 428 4056 quidem
442 3955 486 4028 in
497 3953 700 4028 curriculum
717 3953 979 4055 licet-promtior
991 3941 1122 4041 forsan,
1137 3977 1202 4025 nee

119 4079 218 4182 justis
232 4085 333 4160 annis
344 4087 534 4163 instructus,
542 4081 783 4176 descenderim,
803 4085 953 4160 conabor
967 4074 1093 4174 tamen,
1109 4100 1150 4158 ut
1166 4084 1199 4164 si

125 4219 445 4319 nonproecedentibus
453 4223 612 4298 instantem
624 4249 677 4298 me
687 4239 890 4324 spectatores
900 4209 1020 4325 plausu
1032 4217 1151 4296 tollant
1160 4236 1200 4296 et
