2854 4992
501 454 796 526 rrnrurro.
1138 475 1187 528 xv
1214 545 1217 549 ,

114 636 197 713 saepe
206 606 406 694 movissent,
418 621 581 707 quantum
591 604 630 678 P.
645 601 770 678 Ovidio
781 599 972 706 caterisque
985 599 1187 702 profuisset,

114 758 278 818 testantur
302 740 405 842 ipste,
436 765 519 840 quas
553 732 792 838 exemplarium
816 759 956 808 suornm
978 732 1187 830 marginibus

113 874 331 976 insperserat,
349 869 486 946 notula.

161 1004 231 1082 Sed
248 1003 342 1107 quod
356 1004 429 1106 ipse
445 1001 572 1080 efficere
585 1027 657 1076 non
671 1015 848 1102 potuerat,
864 996 1103 1102 perficiendum
1113 1016 1191 1076 atas

112 1139 266 1244 proxima
280 1137 434 1214 servabat
448 1137 509 1212 uni
524 1165 565 1212 ex
579 1133 664 1225 illis,
682 1133 741 1236 qni
758 1131 971 1230 longioribus
988 1131 1124 1234 quidem
1138 1133 1192 1208 in-

114 1273 259 1352 tervallis
271 1273 338 1348 rari
353 1288 533 1374 apparent,
559 1286 598 1344 nt
615 1267 709 1370 quod
723 1285 843 1342 natura
857 1267 893 1340 in
908 1294 1019 1342 rerum
1037 1267 1193 1370 physica-

112 1429 187 1482 rum
203 1406 340 1493 ordine,
356 1404 392 1478 id
403 1402 455 1479 vel
469 1403 506 1478 in
517 1401 598 1476 orbe
609 1399 758 1476 literario
771 1397 939 1474 interdum
953 1397 1096 1500 experiri
1108 1397 1191 1476 velle

112 1537 272 1612 videaur.
296 1538 495 1610 Nrcoreuu
521 1534 710 1612 Hmnsmn
729 1558 799 1606 uuo
816 1530 884 1631 jam
901 1559 957 1606 ore
977 1558 1093 1606 omues
1108 1558 1193 1606 con-

113 1666 307 1748 clamarunt
334 1665 424 1766 Quis
447 1665 536 1742 enim
561 1663 646 1740 alius
669 1663 773 1738 menti
791 1662 886 1764 prior
909 1663 1107 1756 obvenerit,
1134 1663 1194 1766 qui

114 1801 245 1877 doctius
257 1799 524 1898 ingeniosius-ve
540 1797 581 1872 de
593 1800 730 1890 Nasone
745 1813 864 1872 nostro
877 1797 1059 1872 meruerit?

37 2009 44 2022 ,
161 1934 357 2010 Proluserat
365 1933 433 2034 jam
444 1949 540 2032 nater
554 1930 727 2008 Ouidianae
739 1928 939 2019 recensioni,
953 1928 1194 2031 quamdignis-

115 2069 218 2144 simus
228 2067 288 2144 uli
302 2085 396 2168 patre
408 2065 499 2142 filins
509 2063 744 2168 perficiendam
756 2081 791 2138 et
803 2063 1008 2142 educandam
1019 2092 1037 2138 e
1050 2081 1192 2168 patemo

115 2200 242 2295 gremio
253 2198 400 2300 excepit;
415 2227 484 2302 quo
499 2196 634 2300 quidem
643 2195 731 2272 nihil
745 2195 870 2271 Ovidio
883 2215 918 2272 et
931 2225 1072 2298 poeseos
1083 2197 1194 2276 latinae

10 2425 11 2428 Ἴ
114 2331 304 2424 cultoribus
317 2347 451 2434 poterat
466 2329 658 2430 contingere
681 2328 821 2406 felicius.
857 2331 993 2406 Etenim
1014 2331 1194 2433 apueritia

113 2483 232 2568 captus
245 2481 421 2566 poetarum
434 2462 610 2540 dulcedine
622 2461 782 2540 Nicolaus
798 2464 976 2556 Heinsius,
993 2464 1041 2540 ita
1054 2493 1192 2556 omnes,

10 2597 11 2610 ’
110 2597 334 2700 inprimisque
350 2599 520 2674 Nasonem
536 2596 762 2687 combiberat,
780 2615 820 2672 ut
829 2597 915 2672 nihil
926 2627 1002 2674 eum
1012 2599 1193 2702 quicquam

109 2730 261 2827 sugeret,
281 2728 375 2832 quod
389 2729 520 2832 uspiam
533 2739 621 2806 ess'et
632 2731 812 2836 recondita
823 2731 1010 2830 elegantis,
1029 2751 1063 2808 et
1076 2733 1194 2836 exqui-

109 2861 239 2938 sitioris
256 2861 443 2937 latinitatis.
466 2863 594 2938 Omnes
610 2864 774 2938 sermonis
791 2864 917 2967 poetici
930 2864 1070 2961 figuras,
1085 2891 1191 2966 quan-

110 2995 236 3073 tumvis
252 3023 343 3070 raras
356 3011 393 3071 et
407 3023 427 3069 a
439 2994 681 3072 consuetudine
700 2996 864 3100 pedestris
883 2997 1047 3076 sermonis
1065 2997 1193 3072 abbor-

110 3147 242 3220 rentes‚
260 3099 417 3220 callebat,
436 3145 476 3204 ut
495 3157 594 3204 nemo
613 3129 719 3238 etatis
741 3157 826 3220 suae;
847 3158 956 3232 neque
979 3127 1015 3203 id
1031 3128 1192 3206 memoria

111 3282 261 3352 tantum,
277 3281 318 3338 ut
330 3290 416 3366 saepe
427 3259 484 3352 fit;
499 3261 557 3338 sed
570 3280 604 3338 et
616 3291 681 3340 usn
694 3261 846 3366 proprio.
861 3264 948 3336 Nam
960 3261 1076 3364 etipse
1090 3281 1192 3364 poeta

109 3397 176 3474 fuit
184 3399 277 3472 inter
292 3397 493 3498 recentiores
506 3426 525 3472 e
539 3397 766 3500 principibus,
786 3423 847 3472 nec
860 3395 943 3499 ipsis
956 3397 1103 3499 antiquis
1116 3427 1191 3472 om·

109 3533 193 3608 nino
205 3561 279 3606 non
288 3530 681 3634 comparanduszinquo
692 3531 828 3632 quidem
838 3531 1073 3628 noncxiguum
1081 3532 1190 3620 inesse

109 3663 342 3764 adjumentum
355 3662 399 3738 ad
407 3679 524 3764 poetas
539 3681 666 3738 veteres
678 3680 765 3738 recte
777 3661 1011 3760 corrigendos,
1026 3661 1078 3738 vel
1087 3663 1191 3739 inter-

109 3796 296 3898 pretandos
319 3795 479 3886 feliciter,
499 3813 578 3874 suut
599 3797 658 3898 qui
676 3797 750 3898 jure
772 3797 970 3894 existiment.
1003 3797 1188 3896 Quomodo

109 3929 200 4004 enim
215 3927 350 4030 quidin
366 3928 545 4004 scribendo
562 3929 743 4020 senserint,
760 3930 902 4006 sensisse
919 3947 953 4006 te
969 3929 1120 4020 credam,
1139 3930 1189 4022 si,

110 4089 178 4161 qao
198 4060 269 4162 ipsi
287 4059 549 4151 incalescebant,
570 4063 645 4137 Deo
665 4090 801 4164 quoque
817 4090 888 4138 non
908 4061 1077 4140 interdum
1096 4061 1189 4138 inca-

108 4189 240 4272 lueris?
263 4194 449 4293 Quomodo
477 4196 594 4272 miram
620 4195 707 4270 banc
732 4197 876 4274 metricae
900 4197 980 4274 artis
1003 4195 1188 4276 doctrinam
