2854 4992
230 446 272 510 32
448 498 452 508 .
594 443 856 516 EPISTULA
883 443 935 512 ΙΙ.
993 449 995 456 ’

230 583 293 656 Dis
312 609 449 683 quoque
467 579 692 659 credidimus:
712 613 780 685 quo
796 583 864 684 jam
881 603 939 660 tot.
949 587 1093 688 pignora
1108 592 1231 668 uobis?
1286 623 1288 630 ’

278 705 376 776 Parte
394 699 475 774 satis
490 699 588 800 potui
606 699 757 800 qualibet
772 701 850 777 iude
868 702 952 804 capi.

228 823 299 910 Nec
314 845 466 905 moveor,
486 815 579 916 quod
596 833 628 890 te
643 817 714 916 juvi
730 835 899 920 portuque
914 818 1080 922 locoque:
1184 857 1187 869 ·
1267 845 1297 900 tt

279 932 410 1006 Debuit
426 931 499 1006 hac
515 930 626 1006 meriti
643 959 773 1008 summa
788 932 892 1008 fuisse
909 934 983 1008 mei.
1068 989 1071 996 .

229 1049 388 1150 Turpiter
403 1048 589 1150 hospitium
606 1047 694 1123 lecto
712 1047 897 1140 cumulasse
911 1048 1016 1148 jugali

278 1165 438 1254 Poenitet,
458 1183 491 1238 et
508 1163 603 1239 lateri
619 1165 826 1240 conseruisse
843 1163 941 1242 latus.

231 1281 317 1378 Quae
333 1279 399 1353 fuit
416 1297 491 1353 ante
508 1277 614 1369 illam,
632 1278 765 1356 mallem
782 1309 937 1382 suprema
953 1280 1071 1356 luisset

278 1397 355 1469 Nox
371 1392 470 1481 mihi,
489 1391 569 1466 dum
585 1395 683 1494 potui
699 1395 829 1497 Phyllis
845 1397 988 1472 honesta
1003 1397 1110 1470 mori!
1268 1419 1299 1469 60

230 1510 367 1611 Speravi
382 1507 515 1596 melius,
536 1509 615 1608 quia
630 1537 683 1584 mc
700 1511 859 1586 meruisse
875 1511 991 1613 putavi
1010 1542 1018 1586 ε

280 1628 507 1725 Quaecumque
525 1653 565 1698 ex
582 1625 701 1700 merito
720 1653 796 1729 spes
813 1630 920 1718 venit,
935 1627 1034 1730 'aequa
1049 1629 1149 1703 venit.
1243 1667 1247 1674 ·

229 1740 355 1819 Fallere
373 1741 559 1815 credentem
575 1768 645 1815 non
662 1759 715 1816 est
731 1738 873 1846 operosa
889 1743 1034 1847 puellam

282 1855 415 1930 Gloria!
435 1855 637 1958 Simplicitas
655 1857 757 1952 digna
773 1857 883 1933 favore
900 1859 974 1932 tuit.

230 1971 313 2046 Sum
330 1972 469 2072 decepta
485 1972 568 2061 tuis,
588 1991 622 2046 et
640 1999 753 2048 ainans
770 1991 805 2048 ct
819 1972 957 2061 semina,
976 1972 1104 2068 verbis:
1268 1993 1299 2046 65

279 2089 326 2162 Di
342 2089 482 2177 faciant,
500 2087 609 2162 laudis
627 2114 756 2164 summa
772 2090 817 2164 sit
834 2090 899 2164 ista
916 2107 981 2164 tuae
999 2092 1007 2161 !

262 2336 302 2398 33.
322 2345 392 2411 Quid
399 2343 459 2411 jam
472 2345 626 2409 totpignora
643 2341 742 2394 nobr's?
791 2359 850 2408 me,
865 2351 942 2411 atque
955 2340 991 2393 ita
1002 2337 1144 2409 legendum
1157 2357 1232 2403 esse,
1251 2335 1301 2388 de·-

230 2425 366 2476 Puteanus
382 2419 480 2486 codex,
505 2423 573 2488 quod
578 2420 643 2485 jam.
671 2420 740 2490 Lege
792 2439 843 2490 que
856 2420 908 2474 suis
920 2419 1020 2474 meritis
1028 2417 1071 2470 hic
1082 2415 1153 2485 loqui
1163 2414 1302 2488 Phylliden

230 2499 354 2566 omnino,
368 2518 415 2567 quo
418 2498 478 2566 jam
485 2513 495 2562 ,⁶
511 2495 614 2566 elegans
625 2497 740 2564 locutio,
790 2493 1097 2568 sequensversusliquido
1103 2494 1196 2562 arguit.
1202 2493 1303 2545 Hssltts.

230 2577 276 2632 sed
288 2576 443 2646 plerumque
454 2576 485 2628 ab
495 2575 623 2644 imperitis
634 2575 743 2628 librariis
836 2577 876 2630 62.
905 2579 1076 2642 Quacumque.
1105 2571 1178 2626 Nihil
1201 2569 1301 2624 temere

229 2655 394 2725 interpolata.
409 2655 509 2707 Hsnts.
521 2681 555 2693 ·-
563 2653 620 2706 Nec
630 2671 691 2706 sane
703 2663 744 2705 tot
792 2653 966 2718 mutandum
983 2651 1089 2704 mallem
1102 2661 1206 2716 tamen,
1219 2659 1253 2701 ut
1266 2657 1303 2700 est

230 2738 333 2806 notarim
361 2732 394 2785 ad
419 2731 502 2786 fidem
530 2730 742 2784 confirmandam
790 2731 820 2784 in.
837 2731 992 2802 quibusdam
1014 2727 1096 2783 MSS.
1113 2733 1237 2789 emcrilo5
1263 2725 1304 2778 vel

230 2813 374 2882 congerere
398 2810 445 2864 tibi
467 2828 572 2862 necesse
596 2808 663 2872 suit;
687 2827 742 2861 uno
791 2813 933 2878 currumque
944 2829 978 2861 ex
989 2813 1084 2860 merito.
1095 2805 1146 2858 vid.
1158 2803 1191 2858 ad
1204 2805 1253 2874 Ep.
1265 2817 1303 2855 Π.

195 2903 198 2911 ⁴
231 2889 347 2960 quolibet
359 2908 390 2940 er
401 2887 441 2940 his
454 2906 512 2956 quae
524 2897 554 2939 tu
570 2886 680 2956 pignora
693 2905 742 2938 re·
792 2886 1304 2958 26;etv,7.Busm.—-Quoecumqneex

231 2969 299 3022 ditus
311 2984 364 3020 esse
377 2965 492 3031 dicebas,
507 2963 590 3034 decipi
602 2964 682 3033 potui.
791 2969 879 3017 mento
896 2976 958 3030 ete,
977 2983 1083 3032 aequurn
1100 2971 1138 3014 est
1156 2979 1219 3014 eum
1235 2961 1302 3012 liene

264 3050 304 3099 55.
317 3048 373 3100 Nec
383 3054 538 3096 moveoretc.
551 3043 613 3096 Non
622 3036 685 3094 illud
697 3060 741 3094 me
790 3061 910 3111 sperare,
923 3041 968 3110 qui
977 3041 1009 3094 de
1022 3041 1108 3109 aliquo
1116 3040 1185 3092 bene
1197 3038 1302 3091 meruit:

231 3135 337 3190 movet,
356 3121 427 3190 quod
444 3132 522 3190 portu
539 3130 566 3172 et
578 3121 665 3190 regnis
676 3120 742 3172 meis
792 3119 925 3174 Horruits.

231 3211 383 3272 exceptum,
395 3199 440 3266 iis,
454 3199 546 3268 quibus
555 3203 671 3268 possem,
684 3198 743 3266 opi·
823 3197 863 3250 63.
869 3200 970 3249 Fallere
976 3199 1116 3250 credentem
1122 3204 1170 3248 etc.
1178 3193 1222 3246 Sic
1229 3194 1247 3246 J
1249 3213 1302 3245 uuo

231 3281 279 3333 lius
297 3277 430 3348 juverim
456 3275 501 3329 sed
512 3281 621 3343 parri'let
638 3275 742 3344 hospitii
790 3275 889 3328 ironice
907 3274 940 3327 ad
958 3275 1110 3338 Venerem,
1129 3291 1191 3326 cum
1208 3271 1303 3324 ardens

231 3355 376 3422 beneficio,
392 3354 462 3424 quod
474 3353 741 3407 officiumcommune
791 3352 862 3406 Dido
873 3353 988 3406 AEneam
1000 3353 1115 3418 fureret,
1129 3350 1192 3402 AEn.
1204 3363 1250 3416 lv,
1263 3351 1303 3421 93.

230 3446 283 3502 est,
301 3433 438 3488 cumulum
448 3431 672 3498 lectumjugalcm,
686 3449 742 3483 non
790 3445 893 3495 Egregium
904 3444 1067 3492 vernantensi
1075 3441 1138 3494 eloti:
1146 3439 1303 3492 amputemus,

230 3515 286 3572 sine
299 3511 442 3577 dedecore,
462 3508 609 3576 addidisse,
627 3519 654 3561 et
676 3509 743 3562 latus
791 3516 877 3570 Tuque,
889 3531 976 3570 puerque
989 3517 1047 3554 iuuat

231 3589 307 3644 lateri
319 3589 474 3667 adiunxisse·
790 3593 954 3656 credentem
982 3607 1039 3660 quae
1055 3595 1139 3642 totam
1157 3608 1184 3640 se
1200 3587 1304 3657 perfido

265 3669 305 3722 56.
322 3669 393 3720 Hoec.
415 3666 522 3721 Rectius
539 3670 600 3728 hoc,
619 3664 696 3718 multi
712 3685 744 3718 ex
791 3667 945 3723 crediderat.
1050 3687 1052 3692 ·
1301 3667 1303 3672 ’

230 3747 338 3816 Sssl'lPllS.
347 3743 498 3798 limis-sed
504 3763 566 3796 mox
571 3762 668 3796 summa
672 3740 725 3794 isla
730 3759 740 3806 ,⁸
824 3748 864 3815 64,
882 3749 1036 3814 &inplm'las
1045 3755 1107 3809 eta,
1121 3743 1220 3796 candor
1232 3744 1306 3814 inge.

232 3837 260 3879 et
271 3826 351 3879 Pont.
363 3839 400 3880 lv.
415 3843 436 3875 1.
449 3822 473 3895 d,
791 3845 874 3893 nuus,
894 3845 946 3894 quo
963 3843 1005 3876 me
1019 3823 1065 3876 tihi
1081 3821 1190 3888 tradidi,
1210 3819 1305 3890 dignus

231 3907 318 3955 Accedet
331 3901 405 3952 merids
415 3911 459 3951 ltaec¹
468 3907 547 3965 quelque
556 3925 633 3950 summa
645 3912 692 3950 titis.
791 3925 852 3974 gang
866 3905 928 3974 suit,
949 3921 1029 3972 quem
1041 3901 1090 3954 alio
1102 3899 1187 3970 pretio
1205 3901 1307 3969 repen:

231 3991 286 4044 Ubi
299 3989 379 4042 etiam
395 3985 497 4041 codices
514 3985 604 4052 multi,
623 3987 679 4037 hoc.
695 3983 743 4036 ins.
793 3983 875 4035 deres.

231 4067 280 4138 Ep.
289 4083 333 4120 111.
345 4068 368 4118 8.
384 4067 503 4132 Quamvis
512 4067 659 4133 hocquoque
669 4065 744 4129 culpa
824 4060 864 4112 66.
881 4059 1031 4127 Dr'sacianl
1039 4099 1045 4120 ‚
1065 4058 1149 4110 laudis
1159 4074 1259 4108 summa
1269 4062 1307 4108 sil
1341 4075 1343 4078 ·

231 4151 335 4200 tuaest.
348 4145 447 4198 Bouto.
483 4152 486 4159 '
790 4141 843 4190 isla
855 4136 918 4192 tua!
935 4137 1037 4193 Ultima
1048 4135 1113 4202 sim,
1128 4153 1208 4202 quam
1220 4133 1305 4188 dece·-

262 4225 303 4278 61.
328 4227 394 4291 Quia
410 4229 443 4277 le.
457 4220 528 4275 Libri
541 4230 667 4290 quatuor,
684 4223 743 4289 qm’a
790 4215 887 4285 perisl'
913 4221 918 4224 “
