2854 4992
171 569 177 582 ,
232 511 304 561 xxa
622 488 913 557 rnnrnrm.

229 660 311 716 tem.
326 641 464 714 Annon
478 636 566 712 dicas
583 637 798 740 interpretes,
816 639 856 714 de
876 637 998 741 quibus
1011 637 1066 713 hie
1081 633 1206 728 sermo,
1230 669 1304 714 onr-

235 771 311 861 nia,
330 788 369 845 ut
381 751 488 844 Plinii
496 769 604 844 verbis
621 779 706 860 utar,
721 771 767 846 od
780 772 1020 858 ostentationem,
1039 768 1085 844 od
1095 769 1302 845 conscientian

235 919 346 978 autem
355 931 447 1003 paene
458 901 543 976 nihil
554 901 728 978 retulisse?
740 902 835 1000 Quid
844 903 932 978 enim
939 903 1005 976 sibi
1014 900 1192 976 voluerunt
1200 900 1302 990 aliud,

235 1034 315 1108 dum
338 1035 402 1108 toti
425 1035 461 1106 in
485 1032 691 1108 cumulandis
716 1032 894 1134 exemplis,
916 1050 951 1110 et
970 1031 1053 1106 locis
1079 1032 1308 1133 undequaque·

237 1163 430 1252 evocandis,
449 1163 500 1239 vel
516 1193 619 1266 quum
630 1163 717 1240 nihil
733 1193 870 1266 prorsus
885 1165 1011 1240 faciunt
1024 1165 1066 1239 sd
1082 1165 1196 1240 locum
1207 1165 1305 1240 illus-

236 1297 409 1387 trondum,
422 1298 488 1372 nisi
501 1315 558 1386 ut,
577 1325 638 1399 quo
650 1297 838 1400 dotoporto,
855 1303 967 1372 rueret
978 1313 1153 1374 ventosum
1167 1325 1302 1394 agmen,

238 1430 492 1534 quodlectorcm
503 1438 735 1532 auctoremque
744 1431 857 1506 cadem
867 1429 965 1504 simul
973 1431 1305 1532 ruina'opprirueret?

285 1563 440 1640 sterilem
455 1563 541 1638 hanc
560 1579 594 1636 et
610 1563 839 1664 intempestive
862 1561 1084 1638 luxuriantem
1105 1563 1305 1638 cruditionis

234 1693 437 1796 proluviem,
456 1724 495 1770 eo
509 1694 614 1790 magis
627 1694 900 1795 'compescendam
914 1694 1047 1782 curari,
1058 1723 1126 1794 quo
1137 1721 1304 1771 senseram

237 1827 356 1903 melius
372 1827 457 1907 nihil
470 1828 550 1902 inde
565 1826 719 1902 utilitatis
734 1827 951 1927 scriptorem,
975 1825 1132 1900 lectorem
1142 1825 1228 1900 nihil
1238 1855 1305 1900 iur—

238 1987 337 2060 quam
346 1959 543 2060 percepisse.
560 1990 576 2023 «
586 1956 657 2030 Sibi
663 1957 762 2046 enim,
771 1985 830 2030 noo
843 1957 960 2057 legenti,
974 1957 1306 2032 notasistividentur
1378 1947 1381 1955 ’

236 2091 452 2192 compegisse.
468 2090 616 2188 »neque
625 2117 689 2184 ego
697 2088 777 2177 hac,
792 2087 851 2162 sed
863 2087 997 2164 Clariss.
1016 2091 1194 2178 Herulus-
1205 2090 1303 2189 cujus

236 2221 466 2296 auctoritatem
485 2217 599 2294 nullus
622 2237 673 2295 est
694 2233 772 2294 sanc
792 2218 878 2294 iuter
898 2227 1095 2320 prestantes·
1113 2219 1303 2298 eruditione
1391 2229 1395 2241 “

236 2351 326 2426 viros
339 2351 396 2452 qui
410 2368 554 2440 recuset,
565 2351 617 2426 vel
629 2351 748 2428 debeat
760 2361 920 2426 recusare.
940 2351 1017 2426 Scio
1029 2351 1118 2427 enim
1127 2380 1197 2427 non
1209 2380 1303 2454 eque

237 2483 327 2585 apud
341 2512 455 2560 omnes
471 2483 584 2560 audire
599 2484 725 2574 sinim,
746 2484 805 2586 qui
822 2511 943 2560 novam
958 2484 1197 2585 interpretandi
1215 2486 1304 2560 viam

238 2638 342 2714 quum
363 2615 549 2714 aperuerit,
573 2643 634 2690 nec
653 2603 835 2692 doctiorem
857 2644 914 2705 se,
938 2615 997 2690 sed
1021 2615 1158 2690 doctum
1180 2615 1309 2692 melius·

237 2747 361 2822 ceteris
374 2747 579 2848 probaverit,
593 2775 632 2824 eo
644 2747 719 2848 ipso
731 2746 823 2848 quod
836 2765 962 2822 tentata
970 2775 1022 2821 res
1032 2746 1173 2822 feliciter
1182 2749 1304 2825 admo*

236 2879 316 2954 dum
327 2897 482 2968 cesserat,
497 2880 639 2954 istorum
651 2887 755 2975 genus
766 2880 957 2954 omneinse
970 2880 1165 2969 concitavit,
1176 2881 1304 2981 quihus
1425 2939 1426 2948 ,

235 3012 342 3086 suus
358 3011 465 3090 mulo
484 3029 517 3085 a
532 3009 661 3088 factius
677 3029 747 3086 erat
763 3012 850 3085 eres
863 3010 1062 3109 jamnum
1078 3012 1226 3108 vesugos
1246 3013 1304 3086 an·-
1425 2979 1426 3044 ³

234 3135 371 3231 sistere,
390 3171 500 3244 ‘quam
515 3143 578 3219 iter
598 3154 782 3244 operosum
792 3141 902 3216 m‘oliri
919 3142 1164 3238 inreg'ionibus
1182 3171 1302 3244 quase

234 3274 421 3376 longinquo
440 3293 569 3348 tantum
590 3292 852 3374 prospexerant,
879 3273 1045 3374 nobisque
1068 3277 1303 3375 promonens

233 3432 348 3488 verant
371 3411 547 3515 Micyllus,
571 3411 730 3488 Ciosanus
745 3415 780 3486 el
799 3411 855 3486 alii
874 3412 1007 3514 quidam
1022 3411 1171 3513 ejusdem
1192 3415 1302 3488 aetetis

233 3545 413 3646 scriptores
430 3543 605 3646 philologi.
707 3641 708 3644 Ἴ
744 3547 749 3558 ’
828 3567 830 3574 ’

282 3677 360 3752 Νοιι
374 3674 552 3750 desuenrnt
564 3676 667 3770 igitur
687 3676 818 3776 Hcynio
836 3674 944 3750 laudis
958 3704 1025 3750 suae
1045 3675 1302 3768 detrectatores3

231 3806 290 3882 sed
298 3807 385 3882 inter
398 3807 655 3882 conviciantium
668 3805 828 3881 clamores
838 3805 1034 3895 malevolos,
1047 3805 1213 3880 clarior'in
1227 3806 1303 3880 dies

234 3939 354 4014 summi
369 3939 431 4013 viri
450 3938 535 4016 fama
551 3939 722 4039 Europam
738 3966 867 4014 omnem
882 3937 1126 4040 perlustrabam
1152 3956 1186 4012 et
1206 3935 1301 4013 Vlu-

229 4090 368 4146 GlLlUtt
389 4069 483 4171 quasi
500 4069 696 4159 redivivum,
716 4073 843 4171 su'oque
858 4070 924 4169 jam
941 4067 1117 4171 splendore
1131 4067 1301 4144 collucen*

233 4219 299 4280 tem
316 4195 485 4280 certabant
501 4201 640 4304 populi,
660 4203 734 4308 quis
749 4202 923 4298 magnifico
941 4202 1046 4298 magis
1063 4202 1239 4302 adparatu,
1264 4220 1302 4278 et
