2854 4992
487 499 766 576 PRAEFATIO.
1093 525 1166 577 xxv

93 665 280 742 mendorum
292 691 452 740 occursus
464 665 675 767 frequentior
686 664 824 739 moleste
839 664 998 740 lectorem
1009 695 1026 740 a
1037 695 1167 769 propo-

94 802 150 875 sito
162 801 340 890 distrahat,
352 819 386 876 et
395 802 594 876 correctoris
606 801 768 876 incuriam
780 820 911 897 arguat,
919 801 972 876 vel
981 803 1168 879 inscitiam?

95 934 217 1009 Partem
229 933 318 1008 hanc
328 933 584 1025 laborisnostri,
596 965 636 1010 eo
645 935 752 1032 magis
763 937 1170 1038 operosam,.quosacilem

96 1069 191 1163 magis
208 1067 361 1169 plerique
374 1067 573 1169 praedicant,
592 1097 664 1142 non
676 1068 786 1143 libens
799 1069 918 1158 modo,
935 1070 992 1144 sed
1007 1087 1040 1144 et
1053 1069 1169 1145 alacris

92 1218 190 1275 totam
208 1199 276 1275 fere
295 1201 331 1274 in
354 1229 425 1276 sese
444 1203 586 1303 recepit,
600 1202 801 1276 mendorum
822 1219 957 1276 exactor
980 1201 1169 1298 diligentis-

39 1395 43 1403 .
90 1333 203 1422 simus,
231 1332 356 1406 Editor
378 1333 451 1436 ipse
468 1333 570 1434 hujus
592 1333 827 1422 Collectionis‚
842 1333 997 1435 idemque
1016 1333 1171 1435 quolibet

90 1464 121 1537 iu
137 1494 256 1560 genere
270 1465 486 1567 perfectionis
501 1483 652 1568 captator
666 1466 786 1540 merito
803 1452 1011 1540 ambitiosus.
1025 1469 1095 1542 Nec
1107 1497 1167 1570 pa·

89 1583 158 1674 ium
177 1599 302 1674 debere
319 1628 372 1674 me
394 1598 502 1674 fateor
524 1600 612 1674 curis
635 1618 670 1674 et
692 1599 805 1674 studio
826 1599 1095 1707 Dondcy-Duprd
1111 1601 1165 1700 ju-

89 1731 203 1821 nioris,
218 1731 278 1833 qui
290 1732 493 1834 optimarum
506 1729 693 1820 literarum,
705 1761 723 1806 a
734 1759 857 1833 puero,
867 1730 952 1806 lacte
962 1732 1162 1820 innutritus,

89 1866 253 1964 specimen
272 1865 432 1966 quodque
448 1893 519 1941 non
541 1864 781 1966 typographica
799 1881 944 1951 tantum,
960 1863 1018 1938 sed
1035 1881 1069 1938 et
1085 1863 1163 1938 lite·
1198 1889 1200 1894 ·

90 1998 170 2071 raria
193 1996 372 2073 sedulitate
403 1997 610 2094 recognovit.
640 1995 815 2072 Nonnulla
840 2015 950 2071 tamen
976 1996 1012 2068 in
1038 1995 1162 2070 Grecis

84 2129 297 2220 exciderunt3
311 2136 331 2172 *
346 2130 454 2233 quod,
474 2131 585 2204 statim
603 2146 642 2203 ut
660 2129 824 2232 comperi,
841 2130 876 2202 in
894 2130 970 2231 ipso
989 2130 1100 2232 operis
1117 2129 1162 2203 li·

88 2261 168 2336 miue
180 2261 386 2338 declaratum
399 2261 507 2352 volui,
524 2279 578 2352 ut,
596 2290 695 2363 quem
711 2262 833 2350 habes,
850 2263 990 2351 Lector,
1006 2289 1155 2350 errores,

82 2391 128 2465 vel
150 2423 223 2468 non
246 2423 344 2485 suos,
371 2394 509 2469 candide
533 2393 767 2496 profitentem,
792 2392 905 2468 fucum
927 2423 1094 2495 nusquam
1119 2395 1155 2466 in
1187 2427 1189 2440 ·
1225 2369 1228 2376 ,

80 2527 196 2602 cateris
215 2527 280 2602 tihi
296 2527 462 2603 facturum
478 2526 601 2604 credas.
623 2527 716 2602 Vale.
777 2507 780 2514 ¹

848 2661 880 2730 J.
897 2657 939 2732 A.
958 2659 999 2732 A.

236 2780 446 2850 rearsns,

181 2873 213 2926 in
225 2872 339 2927 AEdtbus
351 2871 509 2925 Mazarineis

171 2981 202 3020 ιν
214 2962 256 3017 ld.
268 2964 379 3016 Januar.
391 2977 533 3019 nncccxx.

102 3245 185 3302 *Duo
198 3257 264 3302 sunt
272 3247 407 3318 graviora,
422 3267 503 3318 quam
511 3266 569 3318 quae
577 3267 634 3302 non
646 3245 762 3302 indicem
774 3247 949 3306 emendanda.
962 3249 1044 3320 Leges
1055 3249 1145 3320 igitur,

74 3350 96 3400 p.
105 3333 164 3401 160,
177 3342 304 3405 θεσπεσίῳ,
313 3352 363 3403 pro
371 3343 480 3389 θεσπίσιω
490 3355 496 3398 ;
505 3343 533 3387 et
544 3355 569 3404 p.
578 3335 643 3400 326,
660 3341 755 3402 murts,
769 3352 817 3403 pro
829 3340 914 3395 maele.
923 3333 1055 3386 Accentus
1063 3353 1145 3400 vero,

75 3413 112 3466 ubi
130 3415 188 3469 loco
204 3416 273 3468 moti
284 3456 291 3483 ,
304 3416 377 3469 facile
389 3417 548 3484 restituent,
569 3417 614 3486 qui
629 3417 696 3470 tanti
708 3417 822 3478 ducunt;
835 3415 960 3468 omittent
972 3415 1083 3482 lucilius,
1099 3417 1146 3485 qui

74 3519 128 3554 cum
142 3503 182 3556 Cl.
195 3502 493 3568 Brunclsio,um'¹·crsam
506 3501 538 3556 de
551 3502 699 3556 accentibus
715 3501 863 3560 doctrinam
883 3521 932 3554 non
950 3506 1019 3555 assis
1036 3501 1143 3554 faciunt.

75 3581 185 3642 analect.
198 3601 253 3654 111,
266 3595 323 3642 not.
334 3606 359 3657 p.
374 3585 412 3640 13.
