2854 4992
125 377 128 390 ¹
211 448 259 498 ru
599 425 901 498 rnnrnrro.

211 573 1301 680 favore,nonincrepitentsaltem,extrernosinlereuntem(Hottk

210 729 244 786 et
265 740 305 786 eo
330 709 508 786 ridendum
528 709 635 806 magis
651 709 848 812 explodaut,
868 740 936 814 quo
952 711 1136 788 certiorem
1152 715 1302 816 palmam

210 841 507 946 praejudicaverint.

262 976 375 1050 Habet
390 976 479 1050 enim
493 975 659 1076 peculiare
673 977 737 1051 hoc
756 995 790 1054 et
803 975 916 1066 fatale,
936 980 1030 1080 quod
1047 981 1304 1060 decernendum

213 1108 317 1182 nobis
332 1125 513 1200 certamen,
532 1126 573 1184 ut
585 1137 662 1184 cnm
673 1127 774 1211 poeta
786 1138 839 1184 res
855 1111 917 1200 sit,
936 1139 1004 1212 quo
1015 1141 1089 1187 non
1104 1089 1305 1190 alius'aditn

108 1329 110 1334 ,
154 1309 156 1314 .
213 1239 359 1330 facilior,
375 1247 447 1314 no‘n
460 1259 551 1318 tactu
566 1240 701 1316 mollior
718 1239 969 1318 nliusvidcatur
986 1271 995 1315 :
1012 1244 1185 1320 sedidem
1202 1273 1304 1347 quam

215 1393 372 1478 promtus
385 1393 419 1449 ct
425 1373 551 1450 habilis
560 1376 596 1448 in
607 1375 774 1478 quaslibet
785 1405 855 1452 sese
864 1376 989 1452 formas
1002 1396 1146 1471 vertere,
1156 1382 1304 1456 Proteus

215 1506 314 1597 alter;
335 1525 435 1608 etque
445 1507 492 1582 ita
504 1507 639 1608 jamjam
652 1509 796 1584 tenentis
807 1537 826 1584 e
839 1510 994 1585 munibus
1007 1513 1181 1602 excidere,
1197 1513 1303 1601 elabi,

217 1641 367 1731 effluere,
383 1671 514 1744 semper
526 1643 653 1734 varius,
669 1671 731 1718 nec
743 1642 821 1718 ideo
837 1661 947 1718 tomen
962 1645 1016 1718 sui
1031 1659 1189 1748 unquam
1201 1646 1304 1722 dissi·
1405 1747 1406 1752 ἵ

215 1771 322 1848 milis!
343 1773 449 1849 donec
460 1775 578 1849 tenmc‘a
588 1773 808 1870 vinclomagis
820 1803 858 1848 ec
866 1774 973 1870 megis
985 1776 1199 1852 contendens
1208 1777 1306 1852 labor
1405 1877 1406 1882 ἵ

217 1905 411 2007 improbus,
430 1907 555 1984 victum
580 1907 742 2003 coegerit,
759 1924 793 1980 et
814 1907 902 1992 artis·
918 1907 1149 1984 immemorem
1170 1912 1209 1984 in
1234 1937 1305 1984 sese
1405 1955 1406 1980 t

218 2039 346 2130 redire,
363 2057 396 2114 et
409 2040 542 2116 tandem
557 2039 706 2114 hominis
724 2067 782 2114 ore
799 2039 911 2142 loqui!
931 2041 1026 2140 Quid
1036 2043 1128 2118 enim
1140 2043 1305 2118 aliudve·
1405 2097 1406 2108 η

219 2189 306 2248 teres
325 2171 470 2248 voluisse
487 2172 682 2263 credideris,
702 2201 807 2274 quum
820 2161 923 2248 ¹suurn
939 2175 1064 2250 Protea
1080 2177 1304 2264 effinxerunt,

220 2307 288 2382 nisi
299 2325 338 2380 ut
347 2307 547 2398 indicarent,
564 2337 630 2410 qua
639 2323 709 2385 arte
720 2325 754 2384 et
764 2337 883 2410 opera,
894 2337 966 2385 rem
979 2309 1133 2385 omnium
1147 2309 1305 2386 mobilis-

156 2528 161 2545 δ
222 2441 356 2530 simam,
374 2457 509 2542 poetam
526 2440 669 2532 scilicet,
685 2443 896 2516 teneremus?
953 2439 954 2442 ¹

274 2573 370 2672 Quid
387 2575 509 2648 mirum
530 2575 650 2671 igitur,
671 2575 763 2677 quod
784 2593 835 2649 tot
856 2575 1097 2684 interpretibus
1113 2575 1307 2652 tammulta
1405 2539 1406 2616 i

227 2705 336 2780 adhuc
359 2705 395 2779 in
422 2705 547 2782 Ouidio
563 2706 814 2810 interpretenda
831 2701 1028 2782 exciderint!
1049 2707 1120 2804 Qui
1141 2727 1256 2784 tamen
1275 2723 1308 2780 et
1405 2711 1406 2786 s

228 2857 313 2940 quot
325 2839 387 2914 viri
398 2859 551 2916 nostrum
559 2841 650 2916 hunc
660 2860 811 2944 poetam,
828 2841 871 2916 ab
883 2869 972 2916 anno
988 2841 1307 2935 1480‚„1„„„,„
1405 2813 1406 2886 J

228 3001 336 3074 usque
354 2973 439 3062 dies,
459 3004 517 3050 sen
534 2976 672 3077 purtim,
690 3005 750 3050 seu
767 2991 878 3051 totum
895 2990 1117 3074 susceperunt
1131 2974 1307 3050 illustrnn-
1405 2963 1406 2988 ¹

230 3106 329 3182 dum!
353 3111 401 3182 Ut
419 3109 508 3183 enim
523 3108 700 3200 Volscum,
720 3107 949 3193 Calderinum,
967 3088 1213 3196 Hubertinum,
1234 3107 1309 3180 Me-

231 3240 338 3333 rulam
353 3262 387 3318 et
401 3245 485 3320 alios
501 3245 668 3334 omittam,
688 3244 746 3346 qui
768 3242 919 3316 turbatas
940 3257 974 3314 et
995 3239 1167 3316 exulantes
1189 3241 1308 3315 Musas

233 3376 383 3478 hospitio
397 3377 497 3479 primi
508 3379 543 3452 in
553 3377 652 3452 Latio
663 3391 878 3476 exceperunt,
893 3373 1050 3472 juverunt
1063 3372 1150 3446 curis
1168 3371 1311 3472 opibus·
1405 3409 1406 3434 r

236 3537 316 3610 qne;
333 3527 367 3584 et
381 3509 525 3582 divinam
540 3508 667 3605 ingenii
681 3508 845 3582 flammam
859 3506 954 3608 quasi
969 3505 1005 3578 in
1016 3503 1133 3578 fomite
1144 3531 1240 3580 sacro
1254 3529 1311 3576 ra-

234 3640 381 3742 pientes,
394 3640 543 3715 fccernnt
554 3659 594 3714 nt
605 3640 727 3714 sensim
739 3639 844 3713 varias
853 3642 999 3740 Europae
1010 3654 1121 3738 partes
1131 3665 1172 3710 eo
1183 3633 1310 3746 lumine

237 3771 462 3861 collustraret,
476 3772 569 3873 quod
581 3801 623 3846 ne
633 3801 781 3872 unquam
791 3774 1032 3868 restinguatur,
1050 3767 1136 3842 nihil
1143 3769 1212 3867 jam
1221 3791 1311 3839 nunc

236 3905 419 3982 verendum
436 3923 486 3979 est
503 3935 512 3978 :
528 3923 568 3979 ut
582 3904 676 3994 illos,
688 3905 849 4007 inquam,
869 3905 1034 3993 omittam,
1053 3931 1196 4004 quorum
1212 3925 1312 4000 opera

239 4037 373 4113 emersit
383 4036 528 4138 primum
543 4037 686 4120 Ouidius
700 4066 717 4111 e
730 4037 837 4112 ruinis
851 4035 1007 4124 incendii,
1021 4066 1089 4137 quo
1100 4061 1203 4129 graeca
1212 4025 1312 4104 simul

240 4187 276 4246 ct
291 4199 428 4250 romane
441 4170 614 4249 urbanitas
626 4199 735 4278 nuper
747 4171 980 4270 conflagrarat,
999 4169 1041 4246 ad
1058 4186 1186 4246 oetatem
1200 4162 1310 4241 statim
