2854 4992
234 485 295 540 xvt
482 537 484 544 ,
615 457 909 534 PRAEFATIO.

231 612 451 716 exposueris,
478 611 601 688 sinon
625 631 660 690 et
693 615 766 716 ipse
798 613 951 690 metricas
986 611 1076 710 leges
1104 615 1306 722 quandoque

231 749 403 824 subieris?
420 747 507 844 Quis
532 747 675 850 denique
696 748 832 838 melius,
851 775 950 851 quam
967 750 1027 850 qui
1042 747 1135 840 fecit,
1150 753 1233 852 quid
1249 753 1307 829 alii

229 885 369 958 fecerint
395 881 580 980 intelliget,
607 882 927 985 intelligendumque
951 883 1077 958 calens
1107 883 1307 961 exhibebit?

229 1017 295 1091 His
306 1017 411 1111 igitur
419 1033 473 1092 tot
485 1044 522 1090 ac
536 1014 658 1106 tantis,
675 1034 709 1090 et
720 1035 787 1091 tam
797 1045 872 1092 raro
884 1017 921 1090 in
933 1044 1003 1091 uno
1013 1017 1150 1093 homine
1164 1047 1306 1094 coneur-

230 1120 382 1224 rcntibds
397 1147 498 1222 bonis
517 1148 717 1238 instructus,
741 1149 823 1251 quid
838 1148 976 1239 mirum,
994 1149 1023 1223 si
1046 1148 1124 1250 plus
1143 1151 1180 1224 in
1195 1153 1306 1252 poetis

149 1317 155 1332 ·
231 1279 441 1384 expoliendis
456 1278 732 1381 illustrandisque
744 1281 900 1382 praestitit
912 1281 1086 1372 Heinsius,
1105 1310 1204 1383 quam
1214 1284 1307 1384 quis-

232 1443 332 1516 quam
352 1431 428 1488 ante
450 1411 503 1488 vel
525 1401 624 1489 etiam
646 1431 726 1516 post
748 1414 860 1515 ipsum
880 1415 1078 1517 praestitisse
1094 1416 1309 1516 reperiatur?

232 1547 393 1624 Ovidium
411 1575 480 1650 prae
501 1546 626 1622 ceteris
642 1544 796 1622 dilexisse
818 1547 967 1649 probant
990 1565 1024 1622 et
1047 1565 1157 1622 textus
1175 1548 1308 1625 curiosa

230 1680 412 1756 admodum
438 1680 605 1770 recensio,
627 1697 662 1755 et
686 1697 843 1756 notarum
869 1680 1005 1754 ubertas
1027 1681 1167 1782 copiosa
1193 1711 1202 1756 ε
1224 1712 1307 1784 quas
1421 1729 1422 1756 ;

229 1834 340 1892 tamen
354 1844 426 1890 non
439 1815 585 1917 primum
598 1813 720 1904 edidit,
739 1813 853 1915 quales
865 1842 956 1888 nunc
968 1815 1150 1907 habemus,
1168 1837 1305 1920 repente
1421 1815 1422 1840 ¹

230 1949 272 2022 ab
290 1948 448 2022 inchoata
461 1949 517 2022 vix
534 1946 682 2022 editione
698 1944 740 2020 ad
758 1945 929 2022 Suecicam
943 1945 1144 2058 legationem
1157 1979 1176 2024 a
1188 1953 1308 2053 Repu·

229 2081 319 2156 blica
338 2111 398 2158 sua
418 2099 583 2156 evocatus.

227 2217 230 2224 ’
279 2214 348 2288 Sed
371 2241 413 2288 ne
434 2212 517 2313 quid
537 2211 715 2286 Heinsiani
734 2211 849 2287 Ovidii
867 2211 1012 2289 fortuna
1028 2209 1177 2303 deesset,
1198 2215 1308 2288 evenit

230 2321 369 2420 uttanti
383 2343 483 2446 pretii
496 2343 645 2446 reliquiae
658 2345 695 2418 in
709 2368 828 2422 manus
844 2346 1030 2422 inciderent
1049 2347 1091 2420 P.
1106 2342 1304 2436 Rumori,
1421 2393 1422 2442 3

229 2499 311 2586 post
320 2480 566 2556 Heinsiumviri
576 2481 612 2553 iu
620 2480 799 2555 tractandis
809 2481 920 2582 poetis
931 2480 1191 2570 celebratissimi,
1203 2481 1309 2579 etjam

230 2633 303 2690 tum
313 2614 495 2689 editionem
503 2613 709 2705 meditantis,
723 2615 777 2689 cui
789 2643 850 2689 nec
859 2615 966 2714 majus
978 2633 1085 2702 certe,
1105 2641 1167 2688 nec
1182 2641 1308 2715 oppor-
1421 2609 1422 2690 ξ

231 2748 347 2822 tunius
359 2736 496 2850 poterat
508 2765 741 2822 ornamentum
760 2719 922 2822 accedere.
944 2747 1024 2844 Qua
1039 2745 1174 2847 quidem
1194 2775 1307 2821 acces-
1405 2779 1407 2782 ·

231 2879 326 2954 sione
341 2909 383 2954 an
398 2881 445 2954 ita
461 2851 653 2954 absolutum
675 2907 763 2982 opus
784 2879 893 2953 visum
913 2879 958 2952 sit
974 2877 1137 2968 Heinsio,
1159 2896 1199 2953 ut
1218 2877 1306 2952 nihil

231 3011 320 3097 ultra
336 3013 387 3088 vel
400 3031 544 3102 mutare,
563 3010 748 3098 veladdere
766 3029 915 3112 cuperet,
938 3011 994 3084 vix
1008 3039 1072 3113 pro
1086 3028 1177 3085 certo
1188 3009 1306 3093 ,dicere

230 3143 331 3218 audet
345 3143 395 3218 Cl.
410 3144 488 3234 Vir,
503 3143 583 3217 Joh.
601 3145 692 3244 Aug.
712 3143 848 3216 Ernesti.
872 3141 1005 3216 Certius
1018 3167 1081 3238 ego
1097 3141 1219 3231 dicam,
1232 3170 1305 3216 non

227 3279 277 3353 ita
289 3279 371 3369 sibi,
388 3297 428 3354 ut
443 3297 513 3354 erat
526 3277 652 3373 ingenii
666 3277 815 3351 acumine
830 3295 866 3388 et
876 3277 1002 3376 judicio
1021 3277 1201 3368 excellens,
1215 3279 1304 3352 Bur-

189 3415 191 3418 ’
228 3409 445 3486 mannianum
462 3410 611 3484 studium
631 3410 833 3506 gratulatum
849 3411 962 3486 fuisse.
990 3413 1168 3507 Hunoego
1188 3427 1304 3485 contra
1421 3435 1422 3446 ¹

227 3545 444 3635 crediderim,
463 3545 492 3618 si
508 3543 653 3618 doctio'ri
671 3545 743 3616 viro
767 3542 923 3618 collectas
936 3543 1085 3644 undique
1104 3561 1220 3632 notas,
1240 3544 1304 3618 ob-

227 3679 430 3753 servationes
448 3696 481 3752 et
497 3676 755 3752 'commentarios
768 3677 804 3750 in
816 3706 917 3752 unam
929 3675 1229 3782 molem-conflenti
1240 3677 1305 3754 im·

226 3813 382 3915 provisus
399 3814 436 3885 in
448 3815 578 3901 Musaeo
597 3811 798 3902 adstitisset,
816 3812 882 3885 hoc
901 3812 968 3885 fere
981 3787 1277 3922 modoloeutum:

278 3981 297 4015 «
317 3949 457 4038 Caveas,
478 3951 685 4036 Burmanne,
706 3975 837 4049 quaeso,
856 3975 915 4036 ne,
935 3947 1016 4020 dum
1039 3931 1137 4052 laudi
1150 3973 1230 4020 meac
1251 3947 1304 4019 in-

207 4114 247 4148 ·»
268 4083 370 4158 serris
391 4063 591 4171 studiosius,
614 4081 882 4168 necsovidiane
905 4107 966 4153 nec
982 4097 1047 4153 tuac
1066 4079 1172 4181 ipsius
1186 4107 1302 4180 pareas
1327 4082 1328 4085 ’

229 4249 248 4284 »
268 4219 365 4294 satis!
381 4219 604 4322 Polemone,
624 4217 668 4311 si,
682 4217 812 4318 qualem
823 4216 933 4292 animo
942 4242 1173 4316 conceperam,
1185 4212 1301 4287 Ovidii
