2854 4992
497 477 796 548 PRAEFATIO.
1125 503 1186 552 xm

116 630 273 720 devenio,
295 655 394 732 quum
416 626 575 704 Aldiram
594 646 729 719 vocant,
756 645 790 703 et
814 655 888 729 que
910 615 1105 705 totum'fere
1126 659 1189 706 sae-

116 764 228 840 culum
252 783 318 838 xvl
343 762 536 865 complexu,
568 791 622 838 eas
651 761 771 836 eriticae
793 761 873 835 artis
895 759 985 857 leges
1008 763 1142 864 posuit,
1171 791 1191 837 a

118 899 240 1000 quibus
260 897 389 972 utinam
405 926 476 972 non
497 899 546 972 ita
564 897 790 985 recessissent,
808 894 866 996 qui
886 897 1022 996 postea!
1040 897 1192 970 Fuemut

116 1031 237 1104 etenim
247 1030 306 1130 qui
316 1028 574 1125 ingeniosiorem
584 1045 688 1118 certe,
700 1026 786 1100 nulli
795 1055 884 1117 vero,
897 1027 955 1127 qui
964 1027 1140 1102 rectiorem
1151 1025 1195 1100 ad

115 1159 387 1264 interpretandos
401 1160 453 1236 vel
469 1161 694 1236 emendandos
710 1178 863 1236 auctores
881 1159 968 1234 vium
983 1160 1194 1261 paraverint:

117 1295 274 1398 quaelaus
286 1326 325 1372 eo
337 1298 460 1398 major,
479 1325 546 1398 quo
557 1297 715 1398 pauciora
727 1295 827 1396 ipsis,
844 1295 968 1396 quibus
980 1296 1197 1397 propositum

116 1448 389 1532 assequerentur,
403 1447 527 1532 praesto
540 1445 651 1504 esseut
663 1427 827 1517 subsidia;
844 1447 877 1503 et
890 1429 1050 1503 acriorem
1064 1457 1198 1505 sensum

113 1561 242 1638 babere
267 1561 420 1663 oportuit
440 1577 513 1636 tum
537 1559 709 1656 elegantia
727 1561 905 1650 universe,
922 1577 994 1634 tum
1016 1559 1199 1636 characteris

119 1694 302 1794 uuicuique
314 1711 489 1768 auctomm
501 1692 653 1794 proprii,
673 1710 727 1781 ut,
744 1692 840 1766 nullo
856 1693 923 1778 sere
937 1691 1037 1782 duce,
1057 1692 1199 1788 dignos-

121 1844 250 1915 cerent,
270 1826 352 1926 quid
367 1826 568 1921 genuinum,
587 1825 670 1926 quid
685 1823 888 1916 adulterum3
902 1825 1099 1926 ejiciendum
1116 1825 1199 1927 quid

120 1987 158 2034 ex
171 1959 288 2061 operis
304 1974 479 2046 contextu,
496 1957 578 2058 quid
593 1957 630 2030 in
643 1955 739 2030 illum
751 1957 980 2058 recipiendum
996 1975 1091 2032 esset.

168 2087 398 2190 Proprialaus
408 2087 632 2164 haecAndreae
647 2089 815 2190 Naugerir',
834 2089 893 2190 qui
905 2090 1034 2190 primus
1045 2091 1151 2164 socias
1163 2091 1200 2164 in

123 2219 254 2296 edendo
266 2221 402 2296 Nasone
414 2247 512 2294 cures
527 2247 603 2294 cum
610 2217 716 2294 ‘Attis
735 2218 879 2295 contulit
894 2249 902 2294 :
918 2220 1033 2326 Jocop.
1051 2221 1179 2330 Micylli
1186 2283 1197 2310 ,

122 2353 211 2430 Vict.
233 2351 379 2438 Gisrlini,
391 2351 449 2426 sed
459 2351 643 2454 presertim
652 2351 800 2426 Herculis
817 2349 957 2450 Ciosoui,
976 2350 1104 2447 (italice
1121 2355 1201 2428 Cio-

111 2489 238 2589 fimo),
258 2488 331 2590 qui,
344 2515 449 2589 quum
465 2504 499 2562 et
511 2488 583 2589 ipse
594 2483 825 2561 Sulmonensis
841 2503 945 2575 esset,
967 2486 1003 2559 in
1022 2515 1062 2562 eo
1079 2489 1203 2562 versari

121 2621 242 2723 patriae
256 2619 365 2696 laudis
379 2639 507 2722 purtem
517 2619 608 2694 baud
619 2619 772 2715 exiguam
786 2618 1004 2708 existimavit,
1023 2619 1051 2692 si
1067 2637 1203 2721 poetam

122 2756 383 2832 Sulmonensem
399 2755 528 2830 civibus
545 2754 616 2829 suis
641 2754 851 2849 castigatum,
870 2771 903 2827 et
925 2753 1098 2828 commode
1121 2753 1202 2828 satis

122 2888 332 2965 illustratum
349 2885 547 2964 restitueret.
564 2891 636 2962 Nec
652 2916 746 2990 spem
761 2904 897 2961 eventus
912 2885 1048 2975 fefellit3
1074 2905 1108 2961 et
1130 2915 1203 2990 quae

124 3023 263 3098 Nasone
271 3020 391 3094 merito
401 3019 565 3116 gloriatur
572 3020 704 3110 civitas,
721 3049 814 3121 reque
825 3019 947 3116 gautlet
957 3019 1204 3121 ‹lignumpocta

125 3179 188 3226 suo
206 3151 425 3253 interpretem
441 3149 605 3252 blesorum
619 3151 795 3226 iuvenisse.

173 3287 257 3362 Hoe
273 3286 433 3360 interesse
448 3285 648 3360 discriminis
661 3286 749 3360 inter
760 3283 851 3359 illius
867 3283 990 3376 etatis,
1007 3304 1041 3364 et
1054 3288 1112 3388 qui
1123 3287 1204 3361 sub·

126 3417 267 3518 sequuti
277 3433 358 3490 suut
367 3433 659 3504 commentatores,
675 3414 906 3505 animadverti,
919 3415 1204 3516 quodmodestius

128 3547 169 3622 (le
181 3549 298 3650 seipsi
312 3549 445 3674 priores
456 3548 619 3637 sentiant;
632 3565 666 3622 et
679 3548 708 3624 si
721 3547 803 3648 quid
812 3548 980 3623 interdum
993 3550 1034 3624 de
1049 3578 1110 3624 suo
1124 3579 1207 3653 pro-

126 3680 259 3771 ferant,
276 3681 389 3754 sobrie
402 3707 547 3780 semper,
563 3709 625 3755 nec
640 3681 683 3754 ad
695 3682 955 3757 'ostentationem
971 3683 1039 3774 sui,
1057 3684 1115 3759 se‹l
1132 3701 1206 3760 tan-

129 3829 205 3886 tum
220 3811 266 3887 ad
280 3810 539 3910 illustrationem
550 3811 608 3884 rei.
626 3811 800 3914 Nusquam
811 3811 888 3887 illos
901 3814 1128 3916 deprehendas
1138 3816 1207 3889 die-

130 3945 257 4020 tatoria
271 3971 353 4022 voce
368 3941 587 4018 exclamantes
604 3971 613 4016 :
631 3941 686 4016 Sic
700 3944 857 4046 kgcndum
866 3951 883 4019 Ι
910 3946 954 4022 sic
963 3948 1100 4049 profecto
1115 3949 1207 4023 Naso

128 4076 313 4178 empsisse&
325 4091 387 4150 etr.
399 4073 573 4176 multoque
580 4074 691 4148 minus
700 4093 867 4150 auctorem
877 4076 987 4177 ipsum
997 4107 1059 4178 pm
1069 4077 1208 4151 libidine

130 4209 389 4310 perturbantes,
408 4225 448 4284 ut
463 4207 550 4283 dieat
563 4207 645 4308 quid
660 4205 711 4280 illi
726 4206 902 4284 dicendum
918 4209 1112 4302 statuerint,
1130 4209 1208 4310 quia
