2854 4992
231 465 274 532 30
576 458 847 530 EPISTOLA
881 461 935 528 11.

228 606 325 692 Jura,
342 599 442 689 fides,
458 597 520 674 uhi
536 627 643 687 nunc,
662 598 901 700 commissaque
919 597 1052 674 dextera
1069 597 1209 688 deatum
1257 633 1261 640 ·

279 719 415 818 Quique
433 732 502 790 erat
517 715 554 788 in
570 713 655 788 falso
671 712 836 815 plurimus
854 742 910 788 ore
926 714 1041 788 Deus?
1316 709 1321 728 '
1412 687 1413 710 i

211 833 418 908 Promissus
435 831 544 904 socios
561 829 623 904 uhi
637 857 728 904 nunc
745 830 946 929 Hymenaeus
962 827 999 900 in
1017 853 1138 916 annos,

277 948 349 1045 Qui
364 946 448 1020 mihi
466 944 613 1044 conjugii
631 971 775 1045 sponsor
790 960 825 1017 et
842 943 941 1018 obses
959 943 1051 1016 erat?

229 1063 295 1141 Per
310 1090 414 1151 mare,
434 1058 526 1161 quod
543 1075 652 1132 totum
668 1057 775 1132 ventis
790 1058 935 1154 agitatur
952 1075 987 1132 et
1001 1056 1117 1144 uudis;
1266 1072 1299 1130 at

279 1177 345 1250 Per
362 1175 454 1276 quod
471 1201 557 1274 saepe
575 1173 675 1264 ieras,
693 1202 754 1275 per
772 1173 864 1274 quod
881 1174 990 1246 iturus
1008 1200 1098 1258 eras;

230 1292 362 1392 Perque
379 1309 475 1364 tuum
490 1290 574 1364 mihi
588 1289 722 1390 jurasti,
739 1289 806 1362 nisi
821 1287 919 1362 lictus
936 1303 971 1362 et
987 1285 1042 1360 ille
1060 1302 1127 1374 est,

282 1406 421 1482 Concita
439 1405 620 1507 quiveritis
637 1433 771 1506 aequora
786 1401 926 1492 mulcet,
945 1429 1058 1490 avum

231 1525 297 1600 Per
311 1525 490 1612 Venerem,
507 1522 713 1623 nimiumque
730 1521 814 1596 mihi
830 1519 983 1596 facientia
999 1515 1080 1604 tela,

230 1778 258 1821 et
280 1763 478 1820 similitudinem
492 1760 648 1816 meriti..Sic
665 1760 740 1814 Suet.
788 1761 871 1828 filius,
888 1759 1042 1832 nuptiarum
1058 1759 1147 1826 Deus,
1165 1757 1214 1812 suh
1225 1758 1301 1825 entius

232 1845 265 1906 C.
279 1843 345 1898 Caes.
355 1844 395 1896 61.
409 1865 422 1889 u
435 1841 514 1911 Equo
524 1841 657 1906 utebatur,
665 1841 740 1906 cuius
788 1840 897 1892 nomine
909 1845 992 1893 socios
1002 1857 1096 1900 annos,
1110 1837 1137 1889 id
1150 1847 1188 1890 est
1200 1838 1299 1906 couju-

231 1929 317 1978 instar
328 1939 376 1994 pro
395 1919 450 1974 aede
473 1919 587 1973 Veneris
613 1919 744 1988 genitricis
790 1918 825 1988 gii
847 1918 997 1986 societatem
1020 1916 1175 1986 promiserat
1191 1913 1299 1967 Demo-

232 1995 744 2072 posteadedicavit».EtVirgil.AEueid.
790 1995 888 2066 phoou.

232 2079 358 2150 v1,865:
824 2073 864 2140 34.
881 2075 1003 2142 Sponsor,
1028 2075 1108 2126 obses.
1133 2071 1244 2138 Sponsor
1262 2079 1301 2121 est

384 2169 487 2218 thm
497 2163 642 2214 intentatque
650 2163 692 2202 0⁸²!
791 2151 836 2222 qui
851 2171 930 2206 suum
950 2169 1051 2204 nomen
1068 2167 1116 2220 pro
1135 2147 1221 2200 alieno
1237 2145 1300 2199 dat:

265 2245 307 2298 31.
322 2245 399 2302 Jura,
410 2241 481 2309 fides
491 2239 538 2290 udi
545 2236 634 2290 nuuc?
651 2233 745 2288 Hein-
767 2267 769 2270 -
790 2234 876 2294 obses,
891 2228 936 2301 qui
947 2249 974 2284 se
986 2231 1073 2299 ipsum
1084 2225 1164 2279 tradit
1173 2243 1222 2294 pro
1235 2223 1301 2278 datae
1346 2247 1349 2254 ·

188 2325 191 2330 ’
231 2325 285 2378 sius
296 2319 410 2374 malebat
420 2356 427 2384 ,
433 2317 498 2384 jura
499 2317 618 2384 fidesque
627 2317 673 2366 ubr'
678 2317 745 2364 suut.
791 2307 853 2362 fidei
865 2309 981 2379 pignore.
994 2306 1059 2360 Gall.
1069 2309 1177 2374 garant,
1190 2308 1275 2369 stage.

231 2405 261 2456 in
274 2393 488 2455 Franeolurtensi
500 2402 570 2458 erat,
583 2395 663 2453 Jura,
673 2393 746 2460 fides
824 2387 864 2456 37.
880 2389 975 2456 Perque
992 2391 1060 2437 tuum
1075 2384 1141 2436 mibi
1142 2383 1245 2450 jurasti
1254 2390 1302 2433 etc.

233 2484 280 2534 ubi
291 2475 376 2530 sunl?
391 2471 436 2526 sed
454 2473 500 2522 ubi
512 2489 579 2522 nuuc
594 2469 745 2539 elegantius.
791 2466 948 2536 Neptunum
982 2462 1105 2531 intellige.
1144 2458 1197 2512 Hie
1229 2459 1303 2512 enirn

234 2560 333 2612 Bunm.
345 2552 390 2607 Sic
401 2548 473 2602 Dido
485 2547 629 2618 Virgiliana
640 2585 647 2614 ,
660 2546 689 2599 in
698 2565 745 2598 eo-
793 2543 889 2598 Thesei
900 2553 974 2613 pater
982 2539 1096 2596 creditus
1105 2538 1162 2590 suit.
1170 2563 1204 2578 -··
1215 2539 1303 2592 tuctus

235 2637 299 2691 dem
308 2635 463 2686 lerererum
470 2625 592 2692 articulo,
606 2624 745 2692 exclamat,
792 2621 896 2694 praetuli
904 2639 967 2674 cum
978 2619 1143 2672 Burmauno.
1155 2615 1249 2684 Neque
1262 2625 1303 2668 ta-

236 2715 355 2778 AEn.1v,
370 2711 431 2781 597:
791 2721 856 2754 men
878 2719 940 2753 vera
962 2717 1015 2751 esse
1039 2715 1095 2748 non
1117 2704 1203 2763 potest
1222 2693 1310 2771 altera,

403 2799 436 2836 En
445 2796 524 2843 ἁοιιη,
537 2794 632 2846 fidesque!
792 2779 967 2851 plurimarum
979 2775 1209 2838 membranarum,
1230 2771 1303 2840 pris-

234 2865 746 2940 ·-Comrmssaquedexteradexlroe.Dex·
792 2849 1187 2926 carumqueeditionumlectio,
1195 2849 1302 2917 salsus,·

234 2969 304 3012 tram
321 2972 383 3008 cum
398 2949 505 3018 alicujus
521 2945 612 2999 dextra
626 2946 746 3013 conjun-
792 2935 958 2990 eanimirum
966 2928 1153 3002 significatione
1163 2967 1170 2994 ,
1180 2946 1232 2997 qua
1241 2927 1305 2979 Me-

234 3037 298 3089 xisse
323 3041 429 3104 pactum
452 3035 509 3079 erat
532 3022 601 3094 apud
622 3033 745 3089 veteres,
792 3025 856 3068 tam.
872 3029 922 3080 rx,
946 3013 979 3077 ²4
994 3028 1001 3062 ε
1019 3011 1123 3076 Jupiter
1141 3011 1188 3058 aut
1203 3017 1305 3058 tunsus

235 3113 309 3183 cujus
323 3108 478 3177 religionem
495 3121 575 3155 nemo
593 3121 669 3154 ausus
680 3109 747 3154 esset
788 3098 867 3162 paler
876 3092 994 3143 Herculis
1009 3097 1057 3140 etc.
1065 3125 1073 3153 ,
1092 3083 1217 3152 utsulsus
1232 3081 1304 3134 idem

235 3191 349 3252 violare3
372 3185 465 3253 cuique
482 3201 513 3234 ea
529 3179 594 3232 fides
610 3177 747 3232 adhibeba·
792 3179 869 3223 notet
881 3169 1001 3237 aefictus.
1013 3191 1046 3204 -·
1057 3165 1134 3226 Nisi,
1148 3159 1250 3212 dubitat
1263 3157 1305 3212 ad·

235 3281 300 3334 tur,
324 3275 355 3318 ut
368 3263 427 3317 satis
443 3259 522 3313 suerit
542 3257 670 3324 Priamo,
694 3273 747 3323 quo
793 3248 846 3303 huc
861 3245 960 3318 Phyllis
976 3253 1067 3297 utrum
1083 3259 1165 3310 genus
1180 3257 1258 3291 suum
1275 3255 1306 3288 er

237 3346 311 3401 omni
337 3352 411 3396 metu
438 3349 465 3392 et
492 3335 636 3406 suspicione
662 3333 748 3386 solve·
794 3325 920 3394 Neptuno
937 3342 999 3375 vere
1013 3319 1192 3388 Demophoon
1208 3315 1306 3386 praedi-

237 3437 325 3490 retur,
346 3438 421 3474 suam
436 3415 473 3469 illi
484 3415 602 3470 dextram
617 3411 747 3466 Achillem
793 3413 889 3467 casseu
900 3399 1306 3466 aulorte,sieutamoremsuum

236 3499 406 3575 protendisse.
418 3496 441 3549 ll
453 3508 485 3550 n.
497 3493 554 3564 671.
794 3501 856 3552 erga
872 3480 1002 3550 hospitam
1015 3517 1023 3544 ,
1048 3476 1158 3529 firmum
1174 3471 1306 3524 redeundi

269 3583 309 3634 32.
334 3580 428 3644 Quique
440 3577 497 3627 erat
510 3569 618 3639 insulso
625 3571 748 3636 plurr'rrrus
794 3559 972 3630 propositum,
989 3555 1089 3623 aliaque
1106 3551 1208 3618 multa,
1226 3551 1262 3603 ita
1279 3559 1307 3606 et

235 3680 279 3716 ore
289 3661 368 3712 Deus.
377 3654 449 3707 Deos
459 3669 551 3702 omnes
560 3645 674 3716 intellige
683 3663 748 3714 quos
795 3638 925 3708 originem
936 3633 1087 3702 illamsalso
1099 3632 1226 3700 jactasset.
1259 3627 1290 3680 L.

236 3717 747 3795 testesvoeabatDeinophoonperpetuae
828 3707 1307 3790 39.lll'rnr'umquemr'dr'sacr'orrtr’atclm

238 3835 300 3886 erga
313 3821 447 3872 antantem
459 3805 529 3858 fidei.
541 3803 597 3857 Nee
609 3803 645 3855 ita
657 3811 746 3854 tamen
797 3793 889 3849 Otiosa
900 3801 970 3847 certe
979 3801 1005 3843 et
1016 3805 1174 3859 supervacua
1185 3783 1307 3853 repetitio

236 3889 384 3963 respuenda
396 3885 501 3956 opinio,
521 3887 578 3952 quae'
590 3899 637 3950 per
648 3881 746 3946 Deum,
771 3879 776 3898 l
795 3883 835 3928 τοῦ
851 3876 903 3924 tela
919 3870 998 3942 possit
1009 3866 1100 3920 videri,
1118 3862 1213 3933 Seripti
1230 3878 1307 3916 non-

239 3970 401 4042 Cupidinem
412 3966 614 4032 interpretatur,
627 3967 654 4011 et
660 3961 748 4025 pluri·
796 3949 861 4004 nulli
868 3953 937 4004 terra.
943 3951 1028 4008 Bella,
1036 3945 1117 3999 codex
1123 3941 1308 3996 Franciscano·

237 4071 302 4104 mum
319 4048 401 4102 resert
416 4041 449 4096 ad
465 4038 591 4110 promissa
611 4055 677 4106 saepe
692 4053 747 4088 sae-
796 4047 858 4080 rum
871 4026 1020 4082 Patavinus.
1030 4021 1112 4078 Unde
1124 4020 1258 4090 legebam,
1270 4022 1307 4070 ηἰ-

236 4132 295 4200 pius
307 4125 367 4180 data
375 4117 509 4195 Phyllidos
519 4134 667 4186 numquam
676 4112 747 4168 dese·
794 4111 916 4174 urnamque
927 4104 1124 4172 mihr'sacrerrlr'a
1138 4101 1206 4151 belli.
1226 4097 1307 4152 Nunc

238 4206 328 4342 relidit
319 4246 479 4354 lismensem.
491 4272 587 4332 Bacchi
598 4283 625 4329 et
633 4267 746 4330 Veneris
794 4282 855 4320 casu
871 4255 1025 4335 frequenter
1042 4257 1073 4314 ab
1092 4255 1189 4313 ovidio
1210 4253 1305 4324 jungi,

794 4175 1311 4248 verorecordatnsTbsacereeumtertio·
1384 4193 1387 4197 ·
