2854 4992
108 473 1175 509 mmmmm

396 689 865 862 suniario.

524 992 768 1020 ..ι-θ·-

591 1251 766 1324 Prospicienti
777 1251 861 1326 finem
871 1249 942 1306 mihi
953 1251 1126 1308 constitutum
1138 1261 1178 1306 est

621 1344 664 1400 vel
674 1343 787 1399 deficere
799 1344 901 1414 potius,
914 1363 995 1414 quam
1007 1343 1154 1414 desperare.

785 1435 922 1504 Quinum
936 1449 993 1502 ιιι,
1007 1435 1106 1490 Procne.

115 1817 271 1923 Visun
288 1845 399 1922 animo
413 1844 535 1944 fingas,
550 1847 696 1923 Lucios
709 1859 981 1934 nouamssmr,
1000 1845 1060 1946 qui
1082 1861 1176 1920 totus

112 1978 145 2051 in
165 1978 375 2080 perlegendis
400 1980 566 2054 viatorum
588 1977 749 2054 mirandis
771 1975 1053 2065 enarrationibus,
1073 1993 1108 2050 et
1127 1994 1180 2050 tot

113 2129 265 2214 tantaque
278 2141 389 2188 rerum
401 2111 559 2188 miracula
573 2111 721 2214 prop'riis
739 2109 846 2186 oculis
862 2107 1038 2184 hauriendi
1054 2106 1180 2210 cupidi·

113 2259 173 2319 tate
187 2245 370 2334 abductus,
385 2262 502 2319 aestnat
518 2245 618 2318 miser
628 2244 845 2342 ,angustiori
860 2243 897 2318 in
911 2242 993 2320 orbe
1011 2243 1182 2344 captivus,

113 2405 168 2477 qur
157 2375 297 2452 millia
317 2395 447 2452 tantum
469 2376 652 2492 aliqudt'*
599 2405 707 2505 993ιῖ
675 2367 1045 2489 uadrtperpgronda
1084 2376 1180 2450 Nihil

109 2507 173 2606 jam
205 2538 339 2612 crepare
371 2527 509 2600 noster,
539 2505 605 2583 nisi
594 2489 886 2622 Iopgrnquas
872 2490 1180 2624 peregiiirationes:

111 2640 215 2716 ridere
242 2660 385 2716 terrores
405 2642 572 2732 marinos,
597 2627 784 2744 petronia,
781 2626 968 2778 doep'plps,
996 2659 1119 2744 syrtes,
1146 2659 1181 2715 et

114 2801 326 2876 precumque
343 2775 601 2870 navigantibus
591 2774 821 2864 ramnus,
796 2773 872 2889 pis
862 2759 1182 2857 iiia'donnidandum

113 2903 159 2977 illi
170 2905 243 2980 vei
233 2935 346 3007 ipsum
361 2908 587 3004 naufragium,
613 2925 653 2982 ut
668 2935 740 2980 non
755 2905 854 2980 tacita
866 2922 976 2980 mente
994 2904 1066 2980 fieri
1083 2903 1180 2994 velit,

114 3037 210 3112 modo
234 3057 403 3140 superstes
425 3038 604 3140 aliquando
623 3057 743 3114 namet.
769 3038 862 3136 Quid
881 3037 1007 3139 plura?
1032 3055 1180 3139 optatam

116 3168 243 3244 tandem
261 3169 413 3272 cymbam
429 3171 559 3245 scandit
574 3171 673 3262 levis3
691 3199 752 3246 nec
767 3170 863 3273 prius
878 3169 1033 3246 reducem
1050 3198 1181 3272 speres,
1227 3173 1230 3183 '

116 3326 209 3399 qnam
222 3329 316 3375 suam
331 3331 466 3404 quoque
480 3303 619 3406 antiquo
632 3303 708 3378 orbi
722 3303 893 3400 regionem
908 3301 1080 3376 addiderit.
1089 3303 1181 3375 Voto

116 3432 237 3507 tardius
256 3434 358 3508 urbes
382 3436 549 3536 primum,
576 3453 611 3511 et
630 3453 750 3538 portus
764 3433 940 3523 recedunt;
962 3450 997 3507 et
1013 3452 1182 3508 morantes

115 3563 251 3640 nimium
276 3585 394 3641 ventos
422 3568 608 3670 increpitat.
651 3567 720 3643 Sed
741 3596 821 3642 mox
844 3567 882 3642 in
901 3565 1030 3669 patenti
1058 3594 1181 3642 oceano

114 3694 310 3798 deprensus,
329 3729 434 3801 quum
450 3699 536 3774 nihil
551 3701 619 3800 jam
635 3718 711 3774 ante
729 3699 865 3790 oculos,
884 3700 1064 3801 unipotens
1074 3714 1106 3774 et
1116 3726 1179 3785 aer,

115 3830 202 3929 qnod
216 3833 401 3933 susceperit
409 3859 524 3934 aequor
538 3831 715 3924 arandum,
730 3834 832 3936 coepit
845 3834 968 3910 sensim
980 3831 1182 3929 intelligere,

114 3965 249 4038 omnino
266 3965 404 4057 dubius,
423 3994 491 4066 qno
508 3965 645 4040 numine
656 3965 709 4040 vel
725 3965 766 4040 ad
778 3965 930 4040 relictum
943 3965 1063 4055 modo,
1077 3963 1129 4038 vel
1142 3963 1185 4036 ad
1263 3957 1267 3964 ⁴

114 4095 254 4194 petitum
271 4096 353 4171 litus
370 4098 415 4172 sit
429 4097 571 4200 posthac
588 4096 799 4200 adpulsnms.
823 4097 929 4196 Quod
946 4098 975 4172 si
992 4098 1077 4171 forte
1098 4095 1185 4170 inter

115 4229 257 4306 eundum
269 4228 392 4306 oborta
402 4249 579 4332 tempestas
592 4231 771 4328 ingruerit,
784 4259 858 4332 quae
867 4259 983 4306 navem
995 4247 1184 4305 etvectores
