2854 4992
495 499 793 567 rnnramo.
1097 469 1190 574 'xva-

129 651 343 726 »editionem
367 647 517 724 licuisset
536 649 712 739 conficere,
734 647 937 723 omnialraec
958 675 1030 750 qnae
1052 667 1105 724 tot
1129 681 1191 753 per

128 813 281 873 sannas,
307 799 441 883 tamque
463 809 608 882 ‚operose
636 781 678 856 ad
702 779 915 856 hunc.finem
944 809 1187 877 congesseram,

128 893 280 990 »temere
303 916 339 988 in
355 941 427 990 eam
444 913 492 988 ita
506 912 708 1001 effusurum,
733 929 773 985 ut
795 941 812 986 e
832 929 924 986 tanta
944 915 1189 1013 erumpentium

25 1119 26 1122 ,
128 1079 145 1114 n
160 1045 860 1150 nudiqueeornmentariorumexnndatione
870 1045 924 1118 vix
933 1063 1077 1120 enataret
1085 1049 1187 1136 Naso,

128 1204 252 1279 »paene
279 1179 485 1275 naufragus?
503 1179 563 1252 Na
585 1194 623 1250 tn
652 1193 739 1250 certe
774 1175 855 1276 qnid
880 1157 1042 1262 voluerim
1072 1206 1190 1282 parum

129 1339 146 1374 r
162 1309 301 1386 ridearis
312 1308 529 1398 intellexisse,
549 1309 607 1408 qui
617 1308 704 1382 hane
716 1307 800 1380 mihi
810 1307 912 1381 fuisse
927 1326 1071 1382 mentem
1086 1309 1193 1384 credi-

129 1441 270 1516 aderis!
295 1445 456 1530 Putasne,
486 1439 652 1542 quidquid
678 1437 790 1512 locum
816 1439 989 1539 quemdam
1015 1439 1191 1518 adnotanti

25 1579 26 1586 ’
129 1605 146 1640 >ι
160 1602 203 1648 ex
214 1573 359 1663 ovidio,
374 1576 535 1662 Marone,
551 1590 609 1646 aut
618 1570 756 1660 Flacco,
774 1573 932 1646 memoria
945 1573 1190 1674 suppeditaret,

130 1735 147 1770 »
157 1733 202 1778 eo
214 1733 268 1778 me
279 1703 422 1777 consilio
439 1729 663 1803 comparasse,
682 1719 722 1775 nt
737 1701 859 1776 liorurn
873 1703 960 1776 nihil
975 1705 1111 1778 omnino
1123 1703 1190 1779 lec-

129 1866 147 1902 n
162 1836 230 1910 tori
239 1835 375 1936 periret;
387 1852 421 1907 et
435 1861 538 1934 quum
548 1832 833 1914 uniusalteriusve
841 1833 982 1936 exempli
994 1837 1201 1910 anctoritate¹
1261 1849 1265 1860 '

129 1999 147 2034 s
163 1966 287 2042 dubius
300 1965 393 2040 locus
407 1965 487 2040 satis
499 1965 701 2055 muniretur,
716 1965 757 2040 ad
771 1966 953 2040 satietatem
963 1995 1071 2068 nsque
1083 1997 1192 2044 exem·
1213 1984 1216 1992 ’

130 2097 228 2198 »plis
246 2095 394 2199 exempla
414 2096 625 2186 additenum,
652 2125 725 2198 qnae
742 2096 828 2170 nihil
846 2097 1012 2198 probant,
1037 2099 1103 2174 nisi
1127 2101 1198 2176 hoe

25 2335 26 2340 ἵ
129 2263 147 2298 »
165 2259 290 2320 unum,
316 2230 492 2305 Heinsium
515 2228 640 2304 scilicet
659 2247 776 2331 poetas
800 2259 914 2306 omnes
938 2229 1136 2333 perlegisse,
1158 2253 1194 2308 et

25 2355 26 2410 ἶ
129 2395 148 2432 »
163 2363 323 2438 memoria
341 2363 478 2437 tenere?
500 2361 699 2437 Miserabile·
707 2361 862 2462 quidem,
879 2380 921 2438 ne
945 2383 1041 2466 turpe
1063 2361 1191 2458 dicam,

25 2523 26 2576 3
131 2529 149 2564 »
166 2496 275 2572 landis
292 2526 412 2594 genus,
430 2514 465 2570 et
481 2495 619 2571 cuilibet
632 2495 767 2572 obvium
778 2498 896 2587 nimis,
913 2526 1011 2599 qnam
1024 2501 1116 2601 quod
1129 2530 1192 2598 ego

130 2661 149 2696 >a
167 2627 339 2730 pueriliter
362 2629 570 2704 ambiissem!
594 2627 658 2702 Cui
680 2628 768 2702 enini
790 2656 861 2702 non
882 2647 999 2730 patent
1020 2649 1194 2708 anctorum

130 2793 149 2826 n
169 2763 300 2837 ludices
310 2780 344 2836 et
353 2762 494 2848 Lexiea?
504 2753 690 2850 Delectum,
702 2761 796 2836 crede
807 2763 902 2852 mihi,
911 2767 1199 2840 etseverissimtm·

25 2961 26 2980 ,
131 2925 150 2958 »
167 2894 301 2996 quidem
313 2895 525 2983 habuissem
542 2911 577 2967 et
586 2893 801 2994 paucioribus
815 2893 994 2972 admodum
1006 2925 1046 2970 ex
1059 2867 1201 2997 illispe-.

132 3057 151 3092 a
171 3027 461 3128 percissem,'qnae
471 3026 610 3102 feliciter
626 3026 707 3100 satis
720 3023 917 3125 aliquando,
936 3003 995 3100 sed
1012 3056 1083 3102 non
1094 3025 1195 3103 semel

131 3187 151 3223 n
170 3157 341 3246 audacius,
358 3157 555 3257 conjiciendi
575 3155 682 3230 libido
701 3173 891 3232 tentaverat.
914 3160 1000 3232 Nam
1024 3158 1116 3260 qnod
1132 3159 1201 3232 im*

25 3301 26 3306 ’
131 3291 333 3390 »patienter
353 3289 439 3364 feras
469 3289 521 3364 vel
537 3290 582 3362 ⁴in
612 3289 754 3372 Statium
781 3307 855 3363 aut*
871 3287 1110 3380 Claudianum,
1134 3293 1196 3391 qui

25 3451 26 3460 ¹
134 3453 152 3488 ι)
170 3421 283 3498 tuleris
296 3421 476 3522 patientius
487 3422 524 3494 in
537 3421 648 3521 ipsum
666 3421 851 3496 Ovidium?
876 3423 993 3496 Terret
1004 3449 1072 3506 me,
1089 3419 1197 3526 fateor

25 3595 26 3604 κ
133 3586 151 3622 »
168 3555 337 3657 equidem,
360 3552 454 3656 quod
466 3554 591 3643 inscius
606 3554 642 3626 in
660 3545 831 3655 posterum
847 3551 1033 3654 exemplum
1052 3553 1128 3629 dedi
1149 3570 1199 3627 te·
1285 3643 1288 3650 ¹

131 3715 151 3754 2>
169 3685 332 3760 meritatis
347 3702 381 3760 et
397 3683 537 3760 lieentia
556 3691 595 3773 *;
619 3701 653 3758 et
665 3685 799 3758 veniant
816 3685 918 3758 modo
938 3711 1026 3758 unus
1044 3700 1078 3758 et
1095 3681 1178 3758 alter
1185 3737 1204 3773 „

163 3881 178 3908 ¹
195 3881 292 3950 Quum
299 3879 384 3951 praelis
392 3879 447 3934 haec
455 3875 694 3948 iamsnbjeceram,
707 3879 799 3933 incidit
807 3881 835 3932 in
841 3897 937 3932 manus
945 3878 1092 3967 Fasciculus
1099 3877 1201 3947 primus

129 3973 222 4026 Diarr'i
232 3975 355 4039 Classici,
370 3971 526 4025 Heraens
535 3971 645 4023 nomine
656 3970 782 4040 evulgati,
794 3970 826 4022 ab
835 3987 890 4022 nno
901 3988 915 4022 e
927 3967 1120 4047 Professopibus
1130 3968 1203 4022 Aer*

129 4061 225 4117 demiae
243 4061 397 4116 Pa'risiensis
412 4061 552 4114 clarissimo
574 4061 642 4128 (Fa.
653 4059 687 4114 G.
699 4061 863 4128 Porrus),
881 4078 912 4112 ea
928 4069 1020 4111 mente
1038 4057 1200 4128 prasertim,

129 4163 160 4205 ut
177 4153 265 4208 latinae
284 4153 381 4222 linguae
396 4147 525 4220 prinsipes
537 4149 568 4205 ab
585 4149 725 4219 insolenti,
744 4168 824 4220 quarn
843 4147 886 4208 hic
901 4149 1033 4217 insector,
1056 4145 1207 4209 innovandi

129 4245 265 4315 prurigine
282 4241 408 4304 vindicet.

224 4361 258 4428 I.
1037 4357 1059 4420 b
