2854 4992
335 473 560 546 PHYLLIS
590 481 999 560 DEMOPHOONTI.
1160 502 1202 568 33

131 611 225 684 lnter
242 625 277 684 et
293 611 433 707 AEgidas
449 617 558 692 media
575 623 729 696 statuaris
746 623 782 698 in
798 626 882 700 urbe
901 651 911 698 t

180 726 382 822 Magnificus
401 730 507 806 titulis
526 751 592 808 stet
608 754 703 836 pater
720 757 795 814 ante
812 742 891 816 suis.

131 841 219 916 Cum
235 843 336 918 fuerit
352 846 480 947 Scyron
497 847 618 939 lectus,
639 869 818 954 torumque
837 858 1052 954 Proemstes;

178 961 225 1032 Et
242 961 347 1051 Sinis,
367 981 401 1037 et
417 966 504 1038 tauri
520 966 689 1068 mixtaque
706 968 812 1044 lomna
828 972 906 1062 viri;
1170 1022 1203 1078 7⁰

129 1077 175 1148 Et
192 1076 326 1152 domitae
343 1079 435 1153 bello
453 1082 596 1172 Thebae,
614 1083 747 1184 fusique
763 1085 965 1166 bimembres
972 1115 984 1181 ,·

176 1195 224 1266 Et
240 1193 373 1294 pulsata
389 1197 479 1292 nigri
495 1199 587 1293 regia
604 1225 688 1272 caeca
705 1199 770 1273 Ilei
789 1231 798 1274 :

128 1308 205 1382 Hoc
223 1326 282 1384 tua
297 1327 376 1411 post
392 1309 487 1385 illum
505 1311 604 1386 titulo
622 1313 774 1408 signetur
789 1315 898 1412 imago
918 1346 927 1391 t

179 1458 198 1490 κ
216 1425 282 1498 Hic
300 1443 366 1514 est,
386 1427 480 1525 cujus
498 1455 610 1501 amans
626 1428 761 1530 hospita
779 1451 874 1532 capta
891 1433 970 1508 dolo
988 1455 1047 1512 est.
1070 1474 1087 1508 »

127 1538 178 1614 De
197 1555 291 1614 tanta
307 1570 417 1614 rerum
435 1541 547 1630 turba,
568 1542 728 1644 lactisque
746 1548 909 1645 parentis,
1168 1583 1201 1650 75

175 1653 273 1726 Sedit
289 1655 326 1726 in
341 1656 479 1750 ingenio
497 1658 616 1731 Cressa
631 1657 747 1732 relicta
765 1677 834 1733 tuo.

126 1767 232 1863 Quod
249 1768 358 1844 solum
376 1790 525 1862 exousat,
545 1772 655 1846 solnm
672 1773 801 1846 miraris
818 1773 854 1846 in
871 1773 941 1848 illo.

156 1938 197 2009 67,
214 1941 290 1992 Inter
302 1946 331 1992 el
344 1943 453 2008 AEgr‘das
468 1953 516 1996 etc.
534 1941 638 1996 lronice
687 1942 788 1995 Partim
800 1944 872 1995 enim
884 1944 1008 2012 hominis,
1025 1948 1121 2016 partim
1131 1955 1201 2007 tauri

124 2013 179 2068 hate
190 2027 218 2068 et
230 2036 289 2085 quae
297 2029 450 2088 sequuntur.
460 2019 556 2074 Thesei
565 2020 638 2073 enim
686 2019 812 2073 membris
821 2023 954 2075 constabat
967 2023 1144 2095 Minotaurus,
1152 2031 1200 2082 Pa·

123 2091 225 2151 labores
238 2096 337 2148 extollit
349 2097 571 2167 magnificentius,
585 2116 638 2166 quo
686 2098 786 2166 siphaes
803 2098 886 2166 filius,
909 2120 988 2169 quem
1005 2103 1032 2154 in
1049 2103 1200 2176 labyrintho

124 2171 275 2242 maligniori
283 2174 375 2228 inluce
383 2175 544 2229 collocetfrlii
553 2187 637 2245 gesta,
690 2173 778 2228 Cretae
788 2177 927 2230 trucidavit
934 2179 1059 2234 Theseus.
1071 2183 1131 2236 vid.
1145 2184 1200 2238 Ca-

124 2267 241 2317 quorum
252 2271 356 2304 summa
368 2263 407 2306 est
417 2253 530 2322 puellam
538 2256 638 2306 creden·
688 2253 734 2304 tul.
752 2255 833 2323 Nupt.
859 2255 915 2308 Pel.
937 2267 964 2309 et
984 2257 1062 2312 Thes.
1085 2263 1146 2327 113;
1172 2273 1200 2316 et
1236 2288 1240 2296 2

122 2334 172 2380 tem
181 2329 297 2398 turpiter
305 2329 443 2400 decepisse.
452 2359 485 2370 —
494 2332 637 2383 Statuam.-
688 2329 768 2384 Ovid.
780 2333 891 2386 Metam.
905 2350 975 2402 vul,
991 2337 1045 2388 153.

122 2416 173 2460 stes
185 2406 276 2460 media
288 2407 316 2460 in
329 2409 409 2477 urbe,
421 2419 506 2462 statua
518 2407 639 2462 donatos.
722 2429 760 2476 71.
769 2411 966 2464 Eidomr‘toeetc.
978 2411 1081 2481 Creon,
1091 2415 1199 2472 Theba-

154 2485 194 2558 59.
209 2487 271 2538 Cum
272 2485 358 2554 sueri!
363 2489 457 2559 Scyron
467 2498 515 2540 etc.
525 2487 636 2555 Legant,
686 2503 748 2538 rum
755 2486 782 2538 in
789 2485 888 2540 Boeotia
895 2509 949 2556 rex,
957 2490 1002 2558 qui
1009 2490 1110 2562 Argivis
1115 2497 1199 2566 sepul·

121 2561 247 2634 colligant
262 2583 355 2618 omnes
366 2565 446 2634 patris
460 2565 498 2617 tui
509 2563 597 2618 titulos
610 2575 637 2617 et
686 2571 774 2616 turam
782 2577 932 2636 negaverat,
942 2567 1065 2620 aTheseo
1074 2591 1198 2644 peremp-

120 2640 246 2710 praeclare
256 2643 337 2708 sacta,
350 2644 460 2700 nomina
469 2662 565 2712 nempe
575 2643 637 2715 Scy·
686 2645 992 2696 lusesl·-B1'1nembres.
1001 2643 1141 2717 Centauri,
1153 2653 1198 2720 qul

121 2719 208 2786 ronis,
218 2721 382 2788 Procrustae,
397 2721 466 2774 Sinis
478 2732 526 2774 etc.
539 2721 576 2774 Hi
591 2722 636 2774 sa·
685 2737 797 2788 superne
806 2719 927 2773 homines
936 2733 1020 2788 erant,
1031 2726 1145 2780 umbilici
1156 2740 1198 2782 te-

120 2797 189 2850 mosi
200 2797 327 2864 latrones,
338 2817 452 2867 quorum
458 2799 560 2868 primus
568 2799 636 2852 Me·
686 2813 749 2862 nus,
761 2797 829 2849 insra
841 2808 930 2850 autem
943 2800 1003 2867 equi
1017 2819 1023 2852 z
1036 2801 1106 2854 inter
1118 2805 1197 2876 Pyri-

120 2893 180 2946 gara
192 2914 200 2943 ‚
223 2875 292 2928 alter
304 2875 467 2950 corydalum
483 2877 511 2930 in
527 2877 634 2946 Attica,
684 2871 741 2925 thoi
753 2873 856 2944 nuptias
868 2894 883 2926 a
896 2875 1000 2929 Theseo
1011 2878 1150 2934 interfecti.

122 2963 272 3022 postremus
283 2974 347 3008 vero
360 2954 561 3010 Corinthiacum
570 2955 636 3009 isth-
655 2999 658 3006 ,
719 2951 756 3020 73.
774 2953 831 3004 Hoc
843 2958 887 3020 lua
894 2961 956 3018 post
966 2959 1036 3006 illum
1048 2967 1096 3008 etc.
1119 2962 1195 3020 Illunr

121 3049 197 3084 mum
212 3031 380 3086 infestabant,
403 3033 505 3106 scyron
524 3034 635 3086 viatores
684 3029 754 3080 reler
771 3027 803 3080 ad
816 3029 964 3099 Theseum,
983 3031 1195 3102 Demophoontis

119 3113 243 3182 spoliatos
260 3133 275 3166 e
292 3115 356 3168 saxis
369 3114 512 3183 praecipites
525 3114 633 3184 agebat3
685 3116 795 3174 palrem·

120 3190 191 3244 Sinis
203 3191 340 3244 arboribus
353 3193 492 3246 incurvatis
504 3193 539 3246 ita
552 3191 635 3260 alliga·
718 3187 756 3254 74·
773 3187 826 3237 Hic
841 3191 884 3236 “f
897 3187 971 3254 cujus
986 3208 1077 3240 amam
1093 3193 1195 3260 hosstl'la

119 3267 185 3336 bat,
224 3279 256 3322 ut
288 3270 504 3338 resurgentibus,
540 3287 634 3322 eorum
683 3267 760 3328 capla
771 3265 829 3314 dolo
840 3269 887 3314 est.
900 3263 972 3316 Libri
984 3267 1195 3335 quinque,hos-

14 3337 15 3342 ’
122 3347 634 3416 memhsadisoerpsssntus‚1‹“fflnosus
678 3343 734 3405 pile
742 3342 859 3391 dolo:ut
870 3339 912 3392 hic
920 3341 992 3394 idem
1001 3344 1108 3413 innuat,
1122 3345 1196 3416 quod
1293 3369 1296 3373 ·

121 3435 159 3478 est
166 3427 317 3480 Procrustes
323 3425 418 3492 lectus,
427 3425 469 3478 cui
476 3436 634 3494 praetereun-
683 3415 711 3466 5¹1
725 3416 841 3470 Helenes
854 3418 960 3486 epistola
973 3435 979 3468 ί

14 3494 15 3506 ³
120 3513 175 3556 pem
193 3522 327 3571 quemque
345 3503 481 3572 aequabat,
503 3503 634 3574 longiores
731 3508 830 3545 (lertusin
840 3507 1107 3558 bostritibusnonestnmor.

14 3651 15 3690 ³
120 3658 213 3712 viores.
238 3659 297 3712 Hos
315 3677 407 3712 omnes
419 3660 541 3713 mactavit
554 3660 633 3713 The-

14 3789 15 3796 ,
119 3755 191 3804 scus,
203 3747 233 3790 ut
243 3749 353 3790 narrant
361 3737 492 3790 Plutarch.
503 3738 546 3790 vit.
554 3739 632 3792 Thes.

120 3580 305 3650 amputando,
329 3581 549 3650 distrahendoque
566 3583 634 3636 bre-
682 3581 782 3646 Hospes
791 3585 872 3642 dolus,
880 3593 908 3634 ut
914 3587 1006 3653 cymba
1015 3588 1113 3651 hospes,
1124 3587 1194 3657 apud

682 3655 811 3724 Statium,
825 3658 896 3729 Sylv.
908 3679 931 3712 v.
943 3678 962 3712 1.
974 3663 1030 3713 252.
1043 3663 1143 3718 Hnrns.

715 3736 753 3804 76.
770 3737 842 3788 Sedit
851 3742 878 3788 iu
888 3743 989 3804 rhgem'o
1002 3741 1093 3798 Cressa
1103 3746 1194 3795 relr'cta
1278 3797 1282 3818 ,

119 3813 175 3866 init.
183 3825 211 3868 et
217 3813 297 3866 Diod.
302 3814 354 3868 Sic.
364 3815 466 3868 Eadem
476 3815 527 3869 Ov.
534 3817 632 3870 iterum

14 3901 15 3956 Τ
120 3890 375 3960 biotam.VI1,432.
394 3896 631 3960 uacrueffltedre,

119 3975 170 4022 acl.
181 3986 200 4021 1.
210 3990 280 4022 scere.
294 3987 312 4024 1.

153 4048 632 4121 70.Mixtaquesoma.V.AEn.vr,25:

158 4162 181 4175 ...
192 4139 322 4192 Mixtumque
333 4152 406 4188 genus,
418 4143 519 4194 prolesque
527 4145 631 4196 biformis,

132 4209 256 4250 Minotaurus
270 4211 320 4250 imi
327 4239 335 4260 ‚
355 4213 439 4256 venusi}
453 4229 578 4262 monument·
590 4233 631 4262 ng-

163 4281 233 4323 sunda

235 4376 267 4442 1.

681 3812 731 3864 luo.
747 3813 845 3868 Sensus
857 3826 895 3868 est
908 3835 914 3868 ε
933 3835 947 3867 e
960 3825 999 3868 tot
1011 3827 1117 3886 tamque
1130 3841 1193 3889 prse-

680 3890 748 3943 clare
761 3893 836 3960 gestis
849 3891 991 3962 aTheseo,
1004 3895 1090 3948 solum
1102 3897 1151 3950 hoc
1164 3898 1193 3949 in
1211 3935 1217 3952 s

681 3968 770 4019 animo
776 3980 822 4020 tuo
834 3969 907 4023 haesit
917 3971 1091 4041 imitandum,
1102 3973 1193 4026 Ariad-

679 4063 714 4098 ne
727 4047 862 4114 qnondam
875 4069 888 4100 a
901 4059 974 4118 patre
987 4049 1124 4103 derelicta!
1146 4045 1147 4048 Ἴ

714 4144 751 4194 77.
777 4129 852 4192 Quod
868 4131 948 4179 solum
965 4135 1086 4190 excusal,
1111 4133 1192 4184 solum

679 4207 778 4254 mirans
787 4209 813 4254 r'u
822 4208 875 4256 illo.
887 4205 947 4258 Hoc
957 4224 1041 4256 unum
1051 4205 1078 4256 in
1087 4205 1192 4260 'l'heseo

678 4285 800 4346 tinr'lart's,
827 4282 898 4350 quod
923 4293 963 4336 tot
987 4283 1057 4335 inter
1082 4284 1191 4356 gloriose
