2854 4992
223 453 267 538 24
630 457 673 520 Δὶ
699 455 878 524 SABIM

219 595 265 665 Et
282 609 366 666 terra
384 609 417 666 ct
433 591 569 693 pelago,
591 593 756 694 quidquid
771 592 854 666 mihi
873 591 966 668 triste
985 596 1142 684 canebatu
1258 625 1294 692 95

269 709 433 781 Emensus
451 707 519 780 fato
535 707 602 806 jam
619 708 754 784 meliore
772 738 884 806 vagor.

218 819 299 895 Jam'
309 822 391 895 mihi
408 823 520 897 nescio
540 853 608 924 quo
625 825 781 906 comitem
798 853 833 900 se
850 825 886 900 ln
902 823 1000 902 litore
1016 827 1129 925 jungit

153 990 158 998 .
268 937 391 1024 Pallas,
410 955 444 1014 et
460 939 653 1040 hospitibus
669 971 731 1042 per
746 941 819 1018 loca
836 959 908 1019 tuta
925 943 1036 1018 trahit

219 1052 318 1124 Nunc
335 1052 480 1152 primum
496 1052 604 1130 Pallas
620 1084 722 1130 vcrsae
738 1074 817 1157 post
833 1055 949 1132 funcra
965 1057 1075 1158 Trojae

269 1170 349 1244 Visa
364 1171 447 1244 mihi
465 1201 472 1244 :
491 1172 637 1248 medium
654 1173 815 1276 temporis
831 1173 881 1248 ira
899 1173 986 1248 tulit.

220 1283 397 1384 Quidquid
415 1285 544 1360 Oilides
561 1288 785 1376 commiserat,
805 1288 963 1362 omnibus
978 1317 1067 1366 unus
1087 1323 1090 1330 ¹

227 1439 231 1445 ·
268 1401 444 1475 Peccavit:
463 1403 588 1476 Danais
607 1403 764 1480 omnibus
782 1403 832 1478 ira
847 1433 982 1480 nocens.

219 1519 288 1592 Nec
306 1537 354 1607 te,
372 1519 516 1620 Tydide,
534 1520 629 1620 cujus
646 1520 748 1594 modo
765 1537 903 1596 noverat
920 1549 1023 1608 anna,

269 1631 420 1705 Eximit:
440 1650 549 1707 errato
568 1652 606 1708 tu
625 1663 761 1736 quoquc
778 1635 821 1710 ab
840 1633 927 1708 orbe·
940 1635 1059 1708 venis:

115 1845 117 1848 .
219 1747 298 1820 Non
315 1746 494 1826 Telamone
511 1767 620 1824 satum
637 1767 734 1852 capta
750 1749 791 1824 dc
809 1736 950 1848 conjuge
966 1751 1133 1827 Teucrum
1150 1775 1158 1818 ε

268 1863 346 1936 Non
363 1863 488 1964 ipsum,
507 1893 571 1966 pro
590 1895 659 1966 qno
675 1864 766 1944 mille
783 1865 875 1940 fuere
892 1882 989 1940 rates.

219 1975 311 2050 Felix
328 1976 548 2066 Plisthenide,
570 2009 777 2081 quacumque
793 1981 830 2054 in
847 1998 937 2054 sorte
953 1979 1047 2054 luisti

268 2093 420 2192 Conjuge
438 2125 514 2169 cum
530 2096 621 2170 cara!
639 2125 710 2170 non
728 2097 835 2190 gravis
850 2095 908 2172 illa
922 2094 998 2170 fuit.

218 2207 286 2282 Seu
302 2211 392 2283 venti
409 2210 513 2285 secere
530 2239 656 2299 moras,
676 2212 743 2285 sive
762 2239 897 2311 aequora
913 2209 1030 2298 vobis3

266 2324 322 2396 Ad
337 2323 430 2398 nulla
447 2343 498 2399 est
513 2344 621 2402 vester
637 2327 756 2401 damna
774 2343 922 2401 retentus
940 2355 1041 2401 arnor.

221 2438 346 2514 Oscula
361 2470 421 2515 nec
439 2443 530 2516 venti
547 2461 633 2520 certe
651 2463 801 2534 tenuere,
820 2472 881 2518 nec
898 2443 997 2518 undae
1017 2468 1026 2512 :

267 2557 492 2658 Promptaque
510 2559 546 2632 in
563 2559 738 2662 amplexus·
749 2559 886 2634 brachia
903 2587 1033 2659 semper
1050 2575 1151 2632 erant.

219 2672 273 2746 Sic
290 2674 423 2748 utinam
440 2680 603 2751 errarem!
622 2677 744 2752 faceres
762 2695 799 2750 tu
815 2673 945 2764 mollia,
965 2675 1101 2774 conjux,

266 2790 417 2890 AEquora
436 2820 443 2863 :
463 2809 494 2865 te
511 2793 616 2882 socia,
635 2793 684 2866 nil
701 2793 784 2866 mihi
801 2793 895 2866 triste
912 2790 1019 2866 foret!

218 2903 317 2979 Nunc
336 2935 486 3007 quoque,
505 2907 702 2983 Telemacho
721 2927 830 2989 tecum
846 2907 929 2982 mihi
947 2907 1073 3009 sospite
1090 2906 1197 2996 lecto,
1244 2933 1290 2986 115

267 3022 391 3096 Omnia
407 3041 487 3097 sunt
504 3024 614 3098 animo
630 3026 697 3125 jam
713 3023 839 3099 leviora
855 3022 949 3122 mala.

218 3133 327 3230 Quem
345 3154 454 3211 tamen
470 3137 606 3214 inlest'as
624 3168 740 3214 rursus
758 3167 879 3240 queror
895 3137 943 3211 ire
961 3165 1022 3238 per
1036 3135 1163 3226 undas,

265 3250 462 3326 Herculeam
479 3253 635 3354 Sparten,
653 3256 913 3356 Nestoreamqne
930 3251 1048 3356 Pylon.

251 3473 305 3507 101.
326 3457 447 3510 Omnibus
455 3477 518 3512 unus
528 3461 656 3514 Peccavit
662 3458 731 3526 Vir-¹
810 3478 865 3512 102.
886 3459 1008 3513 Omnibus
1017 3457 1170 3522 iraaFortc,
1183 3459 1235 3509 ille.
1250 3457 1287 3510 H.

216 3529 265 3602 fill.
273 3531 334 3585 AEfl·
346 3549 376 3601 ¹2
389 3536 429 3602 45·
462 3539 464 3546 ’
811 3538 866 3590 103.
893 3539 972 3606 Cujus
989 3539 1062 3590 modo
1084 3542 1188 3588 novera!
1208 3555 1288 3587 anna.

242 3622 303 3660 Unius
314 3623 340 3662 ob
352 3637 439 3673 noum,
451 3633 471 3663 et
485 3625 547 3666 turim
559 3626 628 3678 Aiacis
641 3627 707 3678 Oilei3
775 3615 997 3691 Scrlbestt’qmfi
1007 3611 1120 3668 Ovltllus
1130 3611 1287 3666 Trlsl.lib.1.

214 3695 259 3762 qui
275 3693 430 3752 Cassandrae
440 3697 548 3768 virgini,
559 3699 587 3753 in
597 3701 653 3770 ipso
665 3700 728 3754 Pal·
776 3693 850 3765 Elcg.
862 3711 900 3748 tv.

210 3770 277 3825 ladls
294 3774 409 3844 templo,
417 3775 473 3828 vim
483 3777 609 3832 intulerat
620 3800 627 3844 3
645 3798 726 3850 quam
775 3785 839 3824 cnm·
847 3793 926 3824 enecent
933 3785 1014 3833 melior,
1027 3782 1110 3836 quinon
1120 3782 1267 3838 oontnrlasooi

210 3847 340 3918 injuriam
349 3851 408 3906 Dea
418 3863 449 3906 ut
459 3853 640 3925 ulcisceretur,
774 3855 844 3895 ΑΜ·
858 3858 937 3897 uncus.

210 3941 272 3979 Illum
281 3943 411 3992 expirantem,
423 3944 517 3984 transfixo
526 3955 611 3996 pectore,
619 3946 726 3997 (lammam,
810 3961 865 4012 107.
880 3945 956 3996 &Iis
967 3944 1116 3996 Plt'slem'de.
1129 3941 1287 3997 Menelaum

209 4013 414 4068 antemusium,
429 4017 549 4071 scopuloque
560 4019 623 4060 infixit
635 4030 699 4061 nestro.
773 4017 829 4073 haec
838 4029 1038 4088 spectant,cum
1048 4019 1153 4074 Helena
1161 4039 1242 4072 uxore
1251 4021 1286 4074 ad

210 4088 269 4128 Μ·
283 4090 356 4143 4⁸49·
772 4107 897 4168 paternos
903 4097 969 4152 lares
976 4097 1198 4166 contendentem,
1209 4109 1288 4169 capta.

213 4162 342 4230 Qur'dqut'd
352 4165 457 4220 Or'lr'der.
471 4169 601 4237 Quidquid
608 4175 636 4222 e!
648 4171 723 4224 OEar'-
771 4176 827 4244 jam
839 4175 929 4245 Troia.
947 4178 1048 4232 Herm.

211 4241 263 4292 des.
276 4241 343 4296 Edd.
356 4244 420 4324 alicu
555 4305 557 4310 ,
578 4320 580 4328 ¹
645 4316 647 4322 y
806 4274 860 4322 1¹7·
877 4253 991 4323 Inseslas
1001 4274 1093 4310 rursus.
1106 4255 1151 4310 An
1161 4255 1200 4312 bis
1212 4257 1283 4319 navi·
