2854 4992
514 460 811 530 PRAEFATIO.
1116 481 1207 538 xxru?

20 605 22 660 ῐ
127 607 324 705 elegantiori
343 624 500 710 typorum
520 608 626 686 forma
649 611 813 712 exciperet
830 610 1067 688 edomandum.
1098 617 1198 693 Honc

127 770 206 816 vero
222 768 442 828 consensum,
461 769 532 816 non
548 742 667 818 critica
683 744 751 832 rei,
773 771 873 844 quam
892 741 1026 841 longius
1041 745 1097 821 ille
1119 777 1199 851 pro-

16 950 18 974 r
106 979 111 986 ²
127 891 274 962 vexerat,
289 870 405 946 utilem
413 872 542 962 minus,
559 901 659 974 quam
671 873 737 976 ipsi
750 876 882 977 Heynio
894 875 1093 972 gloriosum,
1107 910 1200 956 exor-

127 1025 199 1082 tum
213 1005 305 1080 unde
317 1003 515 1094 credideris,
533 1005 600 1080 nisi
612 1033 653 1080 ex
665 1035 705 1080 eo
720 1006 811 1107 quod
827 1005 954 1082 nullius
967 1037 1001 1082 se
1015 1009 1199 1112 discipline

126 1139 342 1241 potissimum
354 1137 537 1232 addixerim
558 1167 619 1214 nec
633 1167 697 1240 pro
713 1139 886 1214 Germanis
899 1157 957 1214 aut
967 1143 1121 1233 Batavis,
1139 1145 1199 1218 sed

126 1271 224 1345 unice
248 1299 312 1370 pro
329 1265 474 1366 Virgilio
492 1288 526 1344 et
542 1270 688 1358 ratione,
706 1268 757 1344 vel
773 1288 889 1344 uonna
904 1271 1048 1347 Batavos
1065 1292 1098 1348 et
1117 1275 1202 1351 Ger-

125 1429 260 1489 manos,
280 1401 347 1476 sibi
361 1401 517 1476 standum
534 1429 605 1476 esse
623 1401 883 1476 existimaverit?

173 1534 288 1606 Tanto
303 1531 402 1619 duce,
418 1548 452 1606 et
465 1532 599 1633 auspice
615 1549 682 1608 tam
694 1531 871 1634 preclare,
886 1531 972 1608 riam
986 1563 1049 1630 ego
1062 1563 1199 1637 quoque

126 1693 201 1738 sum
213 1665 404 1758 ingressus,
423 1691 522 1764 quam
535 1681 627 1738 tanta
642 1693 717 1738 cum
730 1663 826 1739 laude
840 1665 968 1766 primus
978 1656 1115 1754 inierat;
1132 1667 1197 1740 mi-

125 1796 228 1897 hique
242 1812 463 1896 praeeuntem,
475 1795 630 1896 passibus
642 1795 787 1884 emulis,
802 1795 879 1870 iicet
890 1797 1032 1898 iniquis,
1047 1800 1197 1874 conabor

126 1926 247 2028 sequi,
262 1924 405 2027 amplam
417 1925 497 2002 satis
514 1953 623 2027 operae
634 1927 816 2004 mercedem
826 1927 1012 2016 relaturus,
1028 1929 1058 2002 si
1067 1957 1138 2002 non
1150 1931 1198 2004 ita

124 2058 247 2160 procul
271 2086 292 2132 a
313 2057 473 2152 magistro
498 2056 604 2132 lassus
626 2059 714 2134 inter
737 2059 884 2136 eundum
906 2062 1133 2152 substiterim,
1162 2081 1197 2138 et

126 2191 240 2268 locum
259 2189 437 2264 meruerim
453 2189 623 2291 quondam
641 2191 812 2281 obtinere,
840 2193 927 2270 inter
943 2192 1029 2268 fama
1048 2194 1116 2292 jam
1134 2221 1197 2268 no-

126 2324 277 2420 tissimos
294 2323 378 2412 tanti
400 2322 463 2395 riri
488 2321 680 2423 discipulos.
704 2325 816 2421 Quem
836 2325 939 2420 igitur
959 2325 1198 2426 interpretandi

124 2455 278 2529 Maronis
285 2454 423 2528 modum
435 2471 502 2528 tam
512 2453 652 2529 feliciter
660 2453 875 2545 adhibuerat,
892 2456 982 2531 hunc
992 2485 1055 2552 ego
1067 2457 1196 2530 Nasoni

124 2588 248 2690 partim
263 2587 380 2662 saltem
396 2584 711 2660 accommodandum
727 2586 858 2676 curari,
879 2587 957 2687 qnia
973 2585 1099 2662 scilicet
1109 2583 1195 2660 nihil

124 2721 343 2808 occurrebat,
367 2718 459 2820 quod
475 2717 593 2792 melius
615 2745 691 2806 cum
706 2717 883 2820 proposito
899 2747 974 2792 meo
992 2703 1192 2794 conveniret

124 2854 244 2950 Quum
260 2851 349 2928 enim
366 2877 404 2924 ea
418 2848 501 2922 mihi
517 2848 761 2937 mens-fuisset,
780 2866 819 2922 ut
835 2849 998 2950 quidquid
1015 2849 1194 2950 deliquisse

126 2983 212 3058 alios
227 2981 524 3084 deprehenderam,
538 2981 675 3054 vitarem
687 2977 839 3069 sedulus,
852 2979 1072 3082 faceremque,
1089 3010 1195 3082 quan-

125 3134 199 3190 tum
212 3115 248 3188 in
264 3143 318 3188 mc
332 3131 445 3210 esset,
463 3109 556 3214 quod
572 3111 677 3216 facere
696 3110 747 3184 illi
761 3110 991 3207 neglexerant,
1016 3111 1194 3207 virgiliani

123 3245 316 3347 interpretis
340 3243 480 3320 consilio
500 3244 623 3320 ductus
638 3261 673 3317 et
691 3241 862 3344 exemplo,
888 3241 1046 3316 orutm's
1062 3242 1204 3343 poetica*

122 3377 257 3452 indolem
269 3405 307 3452 ac
318 3404 427 3452 corum
440 3374 577 3476 Quiris
592 3376 749 3450 enucleare
764 3373 865 3450 volui.
885 3417 925 3430 -
947 3377 987 3451 A
996 3375 1192 3450 cumulandis

121 3509 271 3610 exuuplr‘s
292 3507 433 3582 obstirui.
452 3513 470 3549 *
494 3549 534 3562 -
554 3507 598 3580 Iu
613 3505 764 3607 eugenue
777 3520 877 3579 ouum
894 3521 925 3578 ct
944 3521 1057 3580 emate
1070 3506 1191 3607 poetico

159 3687 173 3716 *
183 3693 211 3745 A
219 3691 381 3744 cumulande
395 3682 519 3758 quidem3
532 3687 640 3744 sednon
649 3687 684 3742 ita
695 3698 802 3755 tamen,
816 3698 846 3742 ut
854 3687 945 3742 lecton·
957 3687 1027 3742 locut
1037 3686 1192 3755 inviderim,

123 3781 233 3850 quibus,
249 3791 279 3834 ut
290 3781 327 3834 ite
340 3778 441 3847 dicem,
453 3778 601 3835 innuebant
611 3778 664 3832 toci
676 3777 815 3843 Ouidiani3
826 3779 914 3848 sicque
927 3797 983 3830 nou
994 3791 1120 3848 paucaex
1136 3777 1195 3830 Eu-

86 3889 89 3895 ’
121 3869 224 3940 ripide,
237 3869 362 3940 Sappho,
383 3867 538 3938 Apollonio,
555 3866 688 3936 Cerintho,
702 3867 804 3924 Musaeo
816 3877 865 3922 etc.
873 3908 881 3935 ,
895 3867 928 3921 ad
941 3867 1068 3938 Epistulae
1081 3865 1192 3946 adduxi,

122 3963 307 4016 Punntman
316 3961 518 4026 Hreeoerrutu,
528 3957 642 4012 Menum
654 3968 691 4011 tu
702 3959 844 4025 Jasonaur,
854 3955 979 4012 Serenus
989 3971 1027 4010 an
1041 3957 1192 4022 Puronnrr,

122 4053 243 4106 Panum
255 4065 293 4104 tu
306 4051 450 4104 Hernntrr
463 4059 511 4103 etc.
540 4050 633 4119 Neque
652 4048 703 4103 hoc
724 4047 757 4102 ad
777 4059 966 4102 ornamentum
985 4047 1082 4112 modo,
1100 4045 1146 4100 sed
1163 4055 1195 4098 ut

123 4145 216 4194 mutua
227 4141 354 4195 luce·sese
366 4139 480 4208 re's'ipsae
492 4139 668 4207 illustrarent,
681 4157 779 4209 suaque
792 4139 875 4210 poetis
887 4139 942 4193 laus
953 4148 1033 4192 staret
1045 4135 1193 4207 precipue,

118 4235 243 4298 prodesse
254 4231 353 4286 scilicet
363 4235 392 4284 et
402 4232 535 4284 detectam.
889 4235 893 4242 “
904 4237 908 4242 “
1030 4231 1036 4238 “
