2854 4992
235 479 273 544 18
645 476 689 544 A.
723 475 899 546 SABINI

278 588 433 664 Solamen
446 586 558 683 longis
574 587 631 662 illa
646 589 738 666 suere
753 590 859 667 malis.

228 707 352 803 Arguis
369 722 408 779 ut
423 702 551 780 lentum
567 736 575 778 :
591 705 722 782 mallem
739 735 871 808 quoque
886 703 1026 781 forsitan
1045 735 1133 798 esse3

195 875 197 886 ·
279 823 391 918 Quam
406 821 469 893 tihi
485 847 625 922 quaque
639 820 702 896 tuli
715 823 841 912 dicere,
859 850 999 924 quaeque
1013 821 1125 898 feram.

226 939 306 1013 Non
320 937 387 1010 hoc
405 936 529 1035 objecit
543 937 626 1009 mihi
645 938 790 1028 Gracia,
809 969 913 1041 quum
926 969 999 1014 mea
1012 939 1109 1016 fictus

276 1050 432 1125 Detinuit
447 1051 557 1149 patrio
573 1049 671 1125 litore
687 1051 757 1126 vela
774 1053 878 1128 liuor.

228 1167 295 1244 Sed
310 1163 462 1240 thalamis
476 1191 538 1238 nec
551 1161 634 1238 velle
650 1163 734 1253 tuis,
751 1193 812 1238 nec
829 1193 929 1266 posse
943 1195 1067 1258 carere,

279 1285 453 1383 Causaque
467 1279 631 1376 fingendae
649 1296 686 1354 tu
700 1279 785 1354 mihi
800 1281 921 1354 mentis
938 1310 1019 1356 eras.

128 1387 134 1396 ’
227 1398 285 1475 Nil
302 1398 366 1472 tihi
380 1397 560 1472 rescribam
576 1424 662 1471 cura
679 1413 746 1485 est,
763 1423 1006 1498 properemque
1022 1401 1149 1476 venire:

277 1515 369 1586 Dum
383 1541 549 1613 propero,
568 1511 696 1590 adversi
712 1509 784 1585 vela
798 1511 902 1587 tulere
912 1515 1010 1587 Noti.

227 1633 307 1708 Non
319 1657 371 1704 me
385 1628 487 1728 Troja
500 1645 608 1716 tenet,
630 1627 740 1702 Graiis
757 1627 873 1702 odiosa
887 1629 1022 1730 puellis;

264 1750 353 1844 ¹Jam
368 1745 470 1835 cinis,
488 1763 523 1820 et
538 1761 668 1818 tantum
683 1742 812 1834 llchile,
830 1744 948 1844 Troja,
968 1743 1087 1820 solum.
1132 1813 1135 1820 .

228 1861 494 1964 Deiphobusque
509 1861 612 1961 jacet;
628 1861 714 1960 jacet
727 1858 846 1947 Asius,
865 1877 899 1934 et
912 1859 999 1960 jacet
1015 1863 1158 1950 Hector3
1273 1886 1303 1937 15
1415 1949 1419 1966 ,

278 1981 324 2052 Et
341 1978 542 2078 quicumque
560 1974 611 2048 tui
627 2003 726 2050 causa
743 1973 872 2048 timoris
889 1991 967 2048 erat.

168 2166 170 2171 .
228 2094 328 2170 Evasi
345 2110 380 2168 et
394 2093 563 2168 Thracum
578 2119 663 2166 caeso
682 2091 765 2164 duce
781 2089 896 2191 praelia
914 2091 1048 2181 Rheso,

278 2212 319 2282 ln
335 2236 408 2282 mea
424 2206 563 2308 captivis
581 2223 687 2279 castra
703 2223 851 2280 revectus
869 2206 963 2306 equis
981 2235 989 2280 ε

230 2325 340 2397 Tutus
357 2337 392 2396 et
408 2349 426 2395 e
443 2319 551 2395 media
568 2319 721 2422 Phrygiae
737 2319 923 2395 Tritonidis
940 2347 1015 2394 arce

230 2539 291 2594 licet
303 2538 396 2609 quihus
405 2538 510 2593 tabellas
521 2537 745 2611 'obsignabantve¹
825 2559 863 2594 ro.
882 2541 1014 2610 Causaque
1018 2543 1149 2611 fingenda
1158 2552 1207 2596 etc.
1223 2543 1304 2596 Frus-

231 2627 314 2684 teres,
327 2616 439 2686 ideoque
448 2622 600 2685 sr'gnatonirs
611 2628 655 2670 aut
662 2619 742 2686 sigil-
790 2627 831 2671 tra
846 2619 940 2674 vitium
959 2613 1101 2688 suspicatus
1115 2631 1154 2674 est
1172 2620 1303 2674 Burman.

116 2716 122 2728 ·
231 2694 482 2762 Iaton'osdicehant,
495 2695 743 2749 utdiscerncrenta
779 2697 943 2766 fingr'teuim
954 2697 1210 2766 mentem,quiillam
1222 2699 1304 2752 aliam
1416 2741 1417 2744 ι

231 2777 392 2844 sponsalitiis
401 2783 429 2845 et
441 2776 588 2826 honorariis.

790 2775 895 2829 simulat
906 2787 983 2845 atque
994 2786 1040 2830 est.
1050 2775 1091 2828 Ita
1100 2779 1196 2829 vultum
1201 2779 1306 2848 fingere
1416 2793 1417 2804 ¹

267 2855 290 2905 5.
307 2851 402 2920 Argois
420 2858 450 2903 ut
467 2854 569 2906 lentum.
591 2850 742 2920 Penelope:

233 2935 303 2986 lento
315 2930 362 2984 tihi
373 2929 470 2997 mittit,
482 2929 567 2983 Ulixe.

268 3031 290 3080 7.
303 3012 382 3076 Quum
390 3011 577 3079 menfictusetc.
588 3007 678 3061 «Ulixi
686 3015 743 3061 erat

233 3103 403 3157 responsum,
413 3086 434 3140 si
444 3085 477 3139 ad
488 3086 599 3155 Troiam
606 3086 743 3156 isset,post

234 3165 388 3218 vicesimum
408 3181 527 3230 annum,
546 3164 650 3232 solum,
670 3165 743 3218 sociis

235 3241 361 3313 perditis,
375 3252 498 3312 egentem
511 3241 622 3294 domum
641 3241 744 3295 reditu-

234 3339 304 3390 rum.
309 3321 405 3389 ,ltaque
416 3337 500 3390 quum
505 3321 704 3374 sciretoratores
710 3318 743 3372 ad

234 3419 262 3452 se
283 3408 428 3464 venturos,
447 3397 576 3452 insaniam
600 3398 743 3464 simulans,

236 3475 335 3546 pileum
343 3476 451 3543 sumsit,
461 3486 488 3529 et
497 3495 596 3546 equum
605 3495 666 3530 cum
676 3477 744 3529 hove

234 3551 744 3624 junxitadaratrum.QuemPalamedes

236 3642 265 3684 ut
273 3629 347 3697 vidit,
353 3631 433 3684 sensit
441 3631 658 3701 simulare,at‹pte
665 3631 745 3685 Tele-

236 3707 361 3762 maehum
376 3708 460 3762 filium
478 3709 548 3779 ejus,
566 3709 640 3764 cunis
651 3709 744 3763 subla-

237 3797 309 3852 tum,
328 3795 414 3838 aratro
428 3786 452 3838 ei
468 3785 591 3855 subjecit,
604 3797 631 3840 et
643 3785 744 3838 aitzsi-

792 2852 881 2908 Caesar
894 2853 973 2920 dixit,
987 2853 1017 2906 B.
1028 2851 1078 2921 G.,
1094 2850 1135 2924 39.
1151 2855 1225 2907 mtto
1240 2873 1301 2918 ore,

790 2949 839 3002 pro
860 2931 1004 3001 composito
1029 2930 1063 2984 ad
1086 2929 1303 3000 simulationem,
1415 2975 1416 2986 .

790 3018 898 3077 noster,
913 3009 962 3078 Ep.
972 3025 1058 3075 xvim,
1072 3011 1109 3062 15.
1120 3009 1242 3062 Lttttnnn.

826 3089 929 3142 11.N1'l
947 3090 997 3139 tibi
1012 3089 1146 3140 rescn‘bam
1168 3105 1234 3140 cura
1254 3094 1304 3140 est.

791 3164 936 3233 Scripserat
945 3163 1077 3234 Penelope
1087 3183 1093 3218 :

853 3241 889 3282 Nil
901 3241 950 3280 mihi
963 3241 1057 3280 rerer-ibas
1071 3250 1092 3280 ut
1104 3249 1176 3280 minen.

792 3325 819 3370 et
828 3314 935 3386 prohat,
946 3314 991 3384 qui
1002 3314 1161 3384 respondet,
1175 3315 1280 3368 Ulixem
1295 3355 1302 3382 ,
1413 3375 1414 3378 Ἴ

792 3413 825 3447 eo
835 3432 842 3460 ,
855 3411 909 3461 quo
919 3411 968 3446 nos
978 3431 986 3460 ,
997 3411 1075 3446 sensu
1084 3393 1170 3446 uxoris
1180 3404 1304 3447 mentem
1334 3411 1338 3416 ·

792 3470 957 3541 perspexisse.

828 3549 865 3601 13.
882 3551 939 3603 Noa
953 3569 993 3601 me
1013 3549 1091 3617 Troja
1106 3555 1191 3611 tenet,
1214 3551 1305 3603 Gmri’s

792 3630 882 3682 odiosa
887 3631 989 3696 puellis.
1001 3627 1034 3680 ln
1044 3627 1116 3696 epist.
1126 3626 1287 3696 precedenti
1297 3649 1304 3682 :

792 3709 896 3760 Danais
906 3711 989 3760 traria
993 3707 1094 3774 puellis.
1110 3711 1227 3776 cappati,
1246 3725 1305 3759 non
1411 3699 1412 3708 ¹

793 3786 918 3840 imitatur.

236 3864 381 3920 mulatione
403 3863 519 3934 deposita
531 3903 538 3931 ,
559 3864 629 3918 inter
651 3864 746 3932 conju·
829 3866 866 3917 15.
876 3866 964 3918 Asius.
973 3862 1083 3935 Hyrtaci
1093 3861 1170 3929 silius,
1181 3862 1264 3915 Hom.
1275 3863 1305 3916 ll.

236 3956 306 4000 ratos
316 3944 385 3998 veni.
395 3943 473 3998 Tunc
482 3943 572 3998 Ulixes
581 3943 663 3997 fidem
673 3942 746 3998 dedit
793 3951 818 3995 Β.
830 3943 885 4014 837.
900 3953 927 3995 et
948 3941 1007 3994 alibi
1019 3951 1181 3994 memoratus
1191 3963 1198 4006 3
1213 3942 1305 3994 inter-

235 4045 262 4078 se
276 4032 420 4077 venturum
432 4042 439 4076 ι
451 4041 481 4076 ex
496 4041 529 4074 eo
546 4021 680 4076 Palamedi
697 4021 746 4074 in-
793 4021 912 4073 sectusah
922 4019 1077 4087 Idomeneo,
1086 4018 1148 4074 ltu.
1157 4019 1210 4085 184.
1218 4029 1305 4088 etsqq.

236 4104 317 4156 festus
331 4101 382 4154 luit
402 4111 432 4153 o.
445 4099 544 4172 Hygin.
563 4099 625 4152 Fah.
641 4114 701 4152 xcv.
719 4109 746 4152 et
794 4098 851 4152 Nisi
868 4099 997 4152 sorteluit
1012 4099 1105 4164 frater,
1118 4115 1198 4167 quem
1214 4108 1306 4151 noster
1409 4125 1410 4128 ¹

239 4179 302 4231 AEn.
313 4197 349 4249 u,
362 4180 392 4234 81
404 4188 431 4234 et
443 4196 498 4248 sqq.
511 4177 622 4232 Metam.
632 4194 700 4246 x111,
714 4177 746 4232 56
795 4176 959 4248 Hyrtaciden
967 4187 1050 4242 vocat,
1060 4176 1139 4232 Trist.
1149 4193 1170 4248 1,
1182 4175 1255 4246 Eleg.
1264 4191 1304 4242 tv,

238 4266 265 4311 ct
274 4275 329 4326 sqq.
796 4255 841 4322 πῃ
854 4264 880 4310 et
891 4255 919 4310 in
932 4255 1006 4324 lbin,
1016 4255 1073 4308 6³2.
