2854 4992
245 495 267 560 6
618 486 882 555 EP15TOLA
905 489 937 555 1.

292 629 465 703 Narrantis
481 625 601 724 conjux
616 623 740 725 pendet
753 625 796 699 ab
814 653 870 701 ore
883 623 956 700 viri.

243 746 357 844 Atque
375 743 495 843 aliquis
508 741 618 842 posita
631 757 796 814 monstrat
808 740 877 815 sera
892 737 1011 842 proelia
1025 769 1157 833 mensa,

294 859 410 954 Pingit
425 873 459 932 et
475 857 596 952 exiguo
612 857 773 951 Pergama
786 873 857 930 tota
870 885 973 930 mero.

246 977 317 1049 Hac
334 975 407 1048 ibat
423 973 564 1060 Simois;
579 972 634 1046 hic
651 989 702 1045 cst
719 971 831 1066 Sigeia
847 970 965 1059 tellus;

293 1089 359 1162 Hic
377 1104 513 1162 steterat
528 1087 652 1161 Priami
669 1085 762 1180 regia
779 1083 866 1158 celsa
884 1086 983 1159 senis.

245 1206 318 1280 Illic
335 1205 506 1294 AEacides‚
522 1203 591 1279 illic
608 1203 767 1279 tendebat
784 1200 921 1276 Ulixes:

293 1323 359 1396 Hic
376 1322 462 1397 lacer
478 1321 640 1396 admissos
658 1318 777 1393 tenuit
795 1319 924 1392 Hector
941 1345 1055 1420 equos.

246 1439 371 1513 Omnia
386 1465 529 1538 namque
546 1453 604 1510 tuo
623 1435 754 1523 senior,
773 1450 804 1508 te
824 1461 970 1534 quaerere
987 1434 1110 1524 misso,

295 1551 483 1626 Rettulerat
499 1569 578 1626 nato
594 1553 737 1638 Neston
754 1567 788 1622 at
802 1547 858 1622 ille
876 1548 968 1622 mihi.

163 1741 170 1747 ,
248 1667 393 1743 Rettulit
410 1686 443 1742 et
458 1668 545 1743 ferro
564 1667 781 1768 Rhesumque
798 1663 998 1764 Dolonaque
1016 1689 1143 1753 caesos5

280 1873 475 1928 narranaam
497 1872 592 1941 conjux
609 1874 708 1939 pendet
725 1872 760 1922 ab
806 1867 890 1924 tincto
909 1867 951 1920 vix
973 1868 1108 1935 Hectore,
1130 1867 1249 1938 undique
1267 1869 1318 1922 cir-
1415 1901 1416 1926 3

808 1945 921 2022 cumlusi
938 1956 1132 2000 concurrerunt
1150 1946 1256 2015 Graeci,
1270 1958 1317 2014 ut,
1415 2007 1416 2010 Ἴ

809 2025 855 2094 qui
866 2035 970 2078 tantum
985 2025 1044 2096 ipsis
1056 2036 1188 2080 terrorem
1202 2027 1319 2081 incusse-
1415 2065 1416 2074 η

247 1971 291 2003 ore
301 1956 357 2004 vr'rr'.
375 1951 419 2005 Sic
429 1950 521 2022 Virgil.
531 1951 595 2005 AEn.
605 1967 653 2018 tv,
665 1970 711 2023 79,
726 1948 760 2002 de

250 2029 372 2096 Didone,
384 2047 443 2099 quae

246 2123 318 2160 Iliacos
325 2122 397 2162 iterum
405 2121 484 2162 demens
493 2119 561 2158 audire
574 2118 650 2157 labores

247 2196 354 2246 Exposuit,
360 2194 477 2246 pandetque
488 2194 559 2232 iterum
568 2189 700 2230 „annuunt
707 2201 748 2229 ore.

250 2267 404 2320 Lucretium
411 2275 523 2333 uterque
533 2262 679 2328 aemulatus,
688 2279 708 2328 r,
720 2260 761 2312 35.

247 2359 313 2398 Pascit
321 2366 388 2396 amore
394 2354 547 2394 evidoa'inhians
554 2354 574 2392 in
581 2363 610 2402 te,
614 2355 665 2400 Dea,
671 2352 741 2403 uisurj

231 2411 235 2424 .
251 2432 308 2483 Eque
318 2439 352 2469 tuo
359 2430 438 2482 pendet
445 2429 532 2480 resupini
541 2428 622 2480 spiritus
635 2439 676 2466 ore.

285 2516 324 2568 32.
342 2519 564 2582 Pinpr'letexrjquo
574 2516 698 2582 Peranna
707 2518 763 2565 tola

254 2613 328 2646 rnerv.
352 2591 477 2646 Solebant
495 2591 582 2646 Graeci
601 2601 628 2644 et
647 2591 763 2644 Romani

254 2682 313 2741 post
328 2689 430 2724 coenam
444 2680 557 2723 crateras
571 2668 625 2721 vini
637 2669 666 2721 in
684 2687 764 2720 men-

253 2769 310 2803 sam
325 2751 436 2814 allerre;
455 2759 482 2802 et
497 2748 582 2801 multo
598 2747 687 2800 habito
701 2767 763 2800 ser-

254 2847 335 2882 mone
347 2827 380 2881 ad
391 2827 503 2881 multam
516 2837 624 2880 noctem
638 2845 764 2880 somnum

253 2907 367 2962 dillerre.
378 2907 418 2960 Ex
428 2925 459 2959 eo
467 2906 529 2959 vino
541 2905 636 2975 aliquid
649 2905 677 2958 in
690 2925 764 2960 men·

254 3005 310 3038 sam
318 2985 497 3038 effundebant.
508 2985 600 3054 Quem
608 3004 713 3038 morem
721 2985 764 3040 hic

254 3064 337 3133 tangit
356 3063 506 3132 Penelope,
531 3061 655 3132 additque
668 3064 699 3117 ab
715 3063 764 3118 illis

245 3143 297 3211 'qui
308 3143 375 3194 bello
384 3143 503 3211 Trojano
515 3140 666 3210 adsuerant,
681 3143 765 3196 effuso

252 3221 281 3273 in
290 3239 410 3272 mensam
417 3220 480 3271 vino
488 3219 583 3289 signari
592 3219 662 3287 loca,
672 3221 701 3274 in
710 3222 765 3290 qui·

252 3301 301 3353 bus
309 3318 368 3352 rem
378 3298 506 3369 praecipue
516 3318 577 3352 cum
586 3299 709 3367 Troianis
716 3298 765 3351 ha·
794 3315 798 3322 ·

252 3375 373 3430 buerant}
386 3375 486 3444 Tibul,
501 3377 528 3444 1,
543 3377 616 3446 Eleg.
629 3393 674 3444 111,
686 3377 727 3432 31:

254 3481 284 3521 Ut
291 3479 339 3520 mihi
348 3480 422 3531 potanti
429 3477 490 3530 possit
499 3491 534 3516 sura
542 3477 606 3517 dicere
614 3477 665 3517 sacta

278 3554 352 3602 Miles,
365 3560 385 3592 et
393 3554 414 3590 in
423 3565 491 3590 marna
499 3552 585 3606 pingere
596 3559 659 3590 eastre
667 3565 729 3592 maro.
740 3553 764 3592 C.

288 3638 329 3690 33.
340 3639 399 3690 Hac
408 3640 465 3690 r'bal
471 3637 574 3700 ctr'rnois,
583 3638 626 3689 hic
633 3647 681 3691 etc
691 3637 764 3707 Virg.

255 3715 320 3768 AEn.
332 3733 373 3783 11,
386 3734 437 3788 aq:
780 3742 782 3748 v

255 3807 295 3846 tiu
313 3807 413 3858 Dolopum
431 3819 500 3846 manue
521 3805 573 3846 :hie
591 3818 653 3845 savus
674 3805 766 3844 tendebat

307 3879 403 3919 Achilles.

253 3954 353 3994 classibus
362 3952 468 4003 hiulcam,
476 3952 565 3993 hieaoies
576 3963 649 3992 certare
657 3953 751 3993 solebant.

255 4040 357 4094 Eadem
370 4059 476 4110 prorsus
487 4038 592 4092 dicendi
603 4041 688 4093 forma
699 4080 706 4106 ,
718 4039 765 4094 sed

255 4138 311 4171 non
323 4118 382 4172 finis
392 4117 464 4170 idem
475 4137 480 4170 :
492 4117 568 4188 fingit
586 4121 658 4172 enim
676 4121 764 4188 Naso,

255 4215 313 4265 quae
323 4217 416 4251 revera
427 4195 548 4250 describit
561 4197 693 4269 Virgilius.

286 4275 326 4330 36.
341 4278 394 4332 Hic
409 4279 481 4332 lacer
496 4279 622 4362 adrnqsos
640 4288 688 4334 etc.
710 4278 766 4334 Ex-

809 2102 1317 2174 rat,propioresinspicerent;necullus,

810 2180 846 2233 ait
858 2180 1008 2249 Homerus,
1023 2181 1053 2234 ll.
1064 2173 1105 2249 Χ’,
1122 2183 1188 2256 369,
1205 2182 1319 2250 adstitit,

810 2257 855 2328 qui
867 2277 924 2312 non
934 2279 1012 2314 suum
1021 2259 1057 2314 illi
1068 2260 1163 2314 vulnus
1174 2261 1319 2332 infligeret:

839 2329 919 2393 *Allan
931 2345 955 2393 al
963 2345 1105 2409 septenarum
1116 2342 1161 2399 υἷες
1171 2338 1277 2408 ’Δχαιῶν
1283 2380 1319 2393 .....

843 2419 953 2485 oteotpoe
963 2422 985 2472 ol
995 2441 1031 2477 τις
1042 2417 1151 2480 ἀνουτητί
1159 2441 1184 2486 γε
1194 2422 1295 2494 παρὲςη.

811 2491 893 2548 Unde
914 2505 968 2548 tam
989 2495 1114 2549 del‘ormis
1131 2507 1158 2549 et
1171 2498 1260 2560 lacer,
1291 2506 1321 2549 ut

811 2572 911 2628 mirum
925 2591 981 2626 non
997 2572 1047 2639 sit,
1060 2584 1117 2626 tam
1130 2573 1201 2627 sudo
1216 2584 1321 2644 aspectu

810 2651 853 2704 vel
871 2651 940 2720 ipsos
959 2669 1041 2719 equos
1061 2656 1199 2715 terruisse,
1219 2651 1266 2720 qui
1288 2649 1321 2704 ad

811 2728 971 2798 raptandum
982 2728 1014 2780 ab
1033 2726 1134 2781 Achille
1147 2728 1322 2784 incitarentur

812 2806 968 2874 (admissos).
981 2806 1042 2859 Hoc
1057 2805 1130 2858 enim
1140 2824 1220 2859 sensu
1236 2816 1323 2876 potest
1414 2815 1415 2818 ’

812 2884 892 2955 accipi
902 2902 952 2940 vox
962 2887 1113 2947 admittere,
1126 2895 1154 2938 et
1165 2887 1265 2954 aocepit
1277 2886 1322 2938 Li·
1414 2893 1415 2932 t

812 2963 885 3031 vius,
899 2980 939 3030 11,
954 2984 991 3036 ¹9·
1004 2961 1283 3030 Quodlicetobrium,
1296 2972 1322 3016 et
1414 2983 1415 2992 ³

810 3053 890 3114 captu
900 3042 1051 3111 facile,non
1061 3041 1217 3111 perspexisse
1227 3043 1323 3096 viden·
1414 3043 1415 3064 ¹

812 3131 872 3188 tur,
884 3119 967 3190 quiin
977 3119 1049 3173 hunc
1062 3119 1150 3173 locum
1160 3120 1239 3190 longe
1257 3120 1322 3174 adeo

812 3207 1003 3263 excurrerunt,
1026 3208 1182 3267 tantumque
1204 3197 1322 3252 desuda·
1414 3245 1415 3264 q

811 3287 892 3343 runt,
905 3287 951 3342 ut,
964 3276 1009 3345 qui
1021 3275 1078 3330 luce
1094 3277 1210 3343 clarior,
1220 3287 1322 3332 textum
1414 3273 1415 3288 ³

812 3353 1323 3426 omnimodotorquerentvexarentque.

845 3434 885 3504 37.
905 3436 997 3488 Ontnr‘a
1008 3453 1113 3502 namque
1123 3439 1197 3486 tun...
1204 3441 1267 3488 nato
1275 3445 1323 3487 etc.

813 3513 991 3568 Observatum
999 3513 1054 3581 jam
1064 3511 1147 3565 aviris
1155 3511 1237 3566 doctis
1245 3551 1252 3578 ,
1260 3514 1324 3584 Mis·

812 3595 904 3646 cellan.
920 3594 1022 3645 Obserr.
1033 3589 1083 3644 vol.
1094 3607 1131 3656 11,
1140 3600 1204 3643 tom.
1217 3611 1240 3657 1,
1248 3611 1273 3660 p.
1281 3610 1322 3655 21,
1387 3619 1389 3626 ·

814 3669 942 3724 Ovidium
950 3668 993 3722 hic
1001 3669 1123 3721 Homero
1132 3667 1322 3732 contradicere,

813 3748 858 3817 qui
869 3749 1016 3818 profectum
1027 3745 1059 3798 ad
1068 3745 1259 3816 inquirendum
1270 3765 1323 3816 pa-

812 3837 899 3892 trem,
915 3825 995 3880 inscia
1013 3834 1113 3891 matre,
1131 3823 1323 3876 Telemachum

813 3904 882 3958 dicit.
895 3903 990 3976 Odyss.
999 3912 1024 3956 Β.
1033 3901 1087 3956 Sed
1094 3902 1182 3956 nullus
1189 3901 1267 3955 video
1277 3919 1324 3956 cur

812 4001 868 4036 non
880 3981 962 4035 redux
977 3980 1074 4048 matri,
1086 3998 1144 4050 quae
1155 3980 1252 4033 Nestor
1262 3979 1323 4049 ipsi,

811 4059 932 4118 retulerit
944 4079 950 4114 ι
962 4059 1015 4130 ipsa
1027 4061 1140 4127 fatente,

836 4138 946 4178 Rettulerat
954 4146 999 4176 nato
1007 4138 1093 4186 Nestor-5
1105 4146 1126 4176 at
1134 4138 1167 4176 ille
1173 4136 1229 4176 mibi.

846 4210 886 4282 39.
902 4212 1061 4279 Rhesumque
1071 4212 1222 4278 Dolonaque
1235 4226 1323 4264 casos.

813 4289 917 4344 Rhesus
924 4287 1236 4358 rexThraciae,Trojanis
1244 4302 1320 4356 opem
