2854 4992
429 441 699 514 renatora
722 443 889 514 utrm.
1168 477 1191 544 9

126 587 247 663 Scirem
262 583 325 661 nbi
340 605 525 686 pugnares,
540 601 574 660 et
591 601 721 658 tantum
736 582 826 658 bella
843 584 1012 676 timerem,

169 705 215 775 Et
229 729 303 776 mea
318 727 395 774 cum
411 698 526 774 multis
539 700 655 800 juncta
672 696 807 800 querela
822 696 919 774 foret.
1157 741 1191 794 70

127 817 215 914 Quid
232 817 382 904 timeam,
396 815 538 912 ignoro:
555 816 656 890 timeo
674 832 784 890 tamen
801 815 915 890 omnia
930 815 1083 905 demens3

169 936 215 1006 Et
230 949 324 1033 patet
339 933 376 1004 in
393 959 488 1006 curas
505 960 581 1008 arca
596 930 663 1006 lata
681 959 780 1006 meas.

16 1099 17 1132 1
125 1047 340 1148 Quaecunque
359 1074 474 1146 aequor
489 1045 610 1134 habet,
628 1075 833 1148 quecunque
850 1047 998 1156 pericula
1015 1044 1131 1137 tellus,

16 1251 17 1262 ἵ
169 1165 255 1238 Tam
271 1162 382 1258 longae
400 1190 514 1238 causas
531 1162 685 1262 suspicor
701 1189 773 1236 csse
785 1190 896 1236 morae.

16 1263 17 1290 l
125 1279 202 1354 llaec
216 1307 280 1375 ego
295 1279 376 1353 dum
390 1276 491 1352 stulte
503 1277 663 1364 meditor,
676 1281 766 1376 (quae
780 1293 889 1352 vestra
900 1275 1008 1352 libido
1021 1296 1071 1353 est
1083 1283 1116 1374 l)
1159 1303 1192 1371 75

15 1389 16 1396 ἵ
168 1397 252 1468 Esse
268 1394 447 1496 peregrino
463 1410 581 1496 captus
598 1419 710 1468 amore
727 1409 834 1492 potes.

123 1509 276 1584 Forsitan
292 1528 327 1584 et
341 1538 473 1597 narres,
490 1537 590 1611 quam
607 1508 651 1584 sit
668 1507 731 1581 tibi
747 1507 872 1582 rustica
887 1508 1031 1607 conjux,

170 1624 258 1720 Quae
276 1643 408 1700 tantum
423 1624 516 1700 lanas
532 1652 602 1698 non
619 1624 708 1698 sinat
723 1650 796 1698 esse
813 1621 922 1698 rudes.

122 1739 148 1810 F
148 1737 248 1826 allar;
263 1759 297 1813 et
312 1742 378 1813 hoc
396 1741 521 1814 crimen
539 1756 656 1840 tennes
672 1755 826 1812 vanescat
842 1738 878 1810 in
896 1766 1012 1812 auras:

167 1856 277 1942 Neve,
292 1853 478 1928 revertendi
494 1851 597 1940 liber,
612 1853 727 1926 abesse
744 1851 844 1926 velis!

122 1968 178 2042 llle
194 1985 292 2068 pater
308 1969 433 2042 lcarius
450 1967 552 2040 viduo
570 1965 736 2040 discedere
754 1965 841 2042 lecto

168 2085 290 2179 Cogit,
306 2101 340 2158 et
356 2084 533 2158 immensas
550 2083 824 2184 increpatusque
841 2110 962 2156 moras.

121 2202 275 2300 Increpet
291 2227 398 2300 usque
415 2197 515 2273 licet:
532 2215 589 2272 tna
606 2227 698 2286 sum,
716 2217 774 2274 tua
790 2199 882 2276 dicar
898 2217 1033 2300 oportet

168 2314 341 2417 Penelope
356 2345 365 2389 :
380 2315 501 2414 conjux
518 2343 649 2416 semper
664 2313 774 2388 Ulixis
791 2344 859 2391 cro.

120 2431 178 2507 Ille
197 2451 309 2507 tamen
325 2434 447 2535 pietate
464 2461 552 2521 mea,
570 2431 793 2533 precibusque
809 2431 940 2534 pudicis
1160 2455 1194 2508 85

166 2545 365 2644 Frangitur,
381 2567 415 2624 et
430 2549 516 2623 vires
533 2565 698 2650 temperat
714 2549 787 2650 ipsc
804 2577 891 2623 snas.

14 2711 16 2778 t
121 2664 292 2755 Dulichii,
307 2665 493 2767 Samiique,
509 2681 559 2754 ct,
578 2693 664 2766 quos
682 2663 761 2738 tulit
778 2663 845 2740 alta
863 2665 1069 2767 Zacynthos,

152 2847 191 2916 75,
213 2848 278 2913 Qua
293 2853 380 2900 veslra
388 2848 475 2900 libido.
487 2843 634 2916 Exponen-

122 2921 186 2976 dum
207 2923 243 2977 de
259 2919 365 2978 libidine
378 2925 500 2978 omnium
518 2923 635 2977 marito·-

121 3019 194 3069 rum,
204 3021 273 3071 quos
281 3003 365 3072 tangit
373 3003 415 3056 hic
423 3001 565 3072 Penelope.
576 3002 635 3056 Ele·

122 3091 231 3148 gantem
241 3099 306 3133 vero
317 3101 396 3134 usum
407 3081 573 3150 pronominis
585 3083 640 3147 Qui
677 3123 682 3135 .

121 3155 207 3212 iuliae
223 3157 372 3226 locutione,
387 3159 443 3230 jam
453 3157 553 3212 notavit
567 3159 635 3212 Hu-

122 3233 251 3290 bertinus.
269 3237 368 3291 Butttt.

154 3314 193 3384 76.
210 3315 282 3366 Esse
293 3320 425 3383 pampano
443 3323 534 3386 capias
549 3337 635 3371 amore

118 3397 199 3456 poles.
208 3391 267 3445 Sua
278 3393 431 3464 Penelopen
442 3395 546 3449 fallebat
555 3396 635 3466 suspi-

121 3469 160 3520 cio
171 3489 178 3522 :
191 3467 272 3524 Circe
279 3471 379 3524 etenim
385 3482 411 3525 et
419 3471 531 3544 Calypso
538 3473 635 3527 Ulixen

122 3543 167 3598 diu
178 3547 304 3616 quidem,
316 3549 361 3602 sed
375 3550 503 3617 invitum,
518 3551 636 3606 detinue-

122 3635 192 3678 runt.
206 3626 357 3697 impeditus
366 3625 439 3696 enai,
450 3648 506 3682 nou
518 3638 615 3698 caplns.

153 3703 194 3756 83.
205 3707 325 3772 Increpet
330 3725 407 3775 usqne
415 3711 479 3760 licei
484 3717 532 3760 etc.
540 3707 635 3762 Nescio

123 3798 156 3833 an
176 3783 343 3852 praelerenda
362 3785 396 3838 sit
415 3783 547 3839 distinctio
566 3785 637 3839 docti

123 3861 193 3928 viri,
214 3863 244 3914 in
264 3864 377 3915 Miscell.
398 3865 500 3918 Olsm.
526 3863 568 3918 vol
586 3881 634 3930 vt,

123 3947 186 3991 tom.
201 3961 211 3992 1
223 3960 262 4010 ‚p
275 3943 340 4012 1953
352 3951 379 3993 et
387 3941 479 3994 Buram
490 3939 596 3996 secund.
606 3941 636 3994 in

125 4014 235 4070 Anthol.
249 4017 294 4070 lat.
305 4035 331 4084 1,
344 4038 369 4088 p.
384 4018 437 4072 135.

124 4105 214 4158 increpet
223 4108 348 4160 usquelicet3
356 4114 391 4146 tus
397 4121 448 4158 sum,
455 4110 637 4162 tuadiearoportet:

146 4179 245 4231 Penelope
253 4180 328 4230 conjux
340 4193 417 4232 nmpsr
424 4183 491 4222 Ulixis
499 4197 540 4224 ere.

132 4249 213 4308 Certe
226 4263 256 4308 nt
267 4252 330 4310 huic
340 4292 349 4325 ,
360 4253 395 4311 tta
405 4256 516 4329 vulgatae
526 4269 639 4330 postpo-

682 2842 773 2897 nenda
782 2854 821 2897 est
832 2843 936 2898 Heinsii
943 2844 1124 2914 interpunctio
1133 2863 1139 2898 a
1149 2851 1195 2898 lua

682 2929 757 2972 suns,
779 2916 825 2964 lna
850 2914 925 2964 dicar
946 2917 1044 2978 oporiet
1067 2915 1196 2980 Penelope

683 2989 795 3056 conjnx:
806 3008 907 3057 semper
915 2991 1002 3042 Uliris
1010 3010 1060 3044 em.
1073 2990 1195 3044 Latum

718 3065 828 3134 Quanta
834 3067 872 3120 vis
880 3106 888 3134 ,
896 3077 1077 3138 quantumque
1087 3069 1195 3122 affectus

683 3145 745 3199 insit
753 3146 781 3198 in
791 3146 949 3216 pronomine
958 3146 1009 3200 hoc
1017 3147 1129 3217 repetito
1137 3160 1196 3200 'rua

684 3243 754 3286 sun,
768 3237 826 3278 rus
840 3227 917 3277 dicar
928 3234 977 3278 etc.
991 3223 1133 3291 noverint,
1150 3225 1197 3292 qui

684 3301 901 3355 absolutissimam
912 3301 982 3356 hanc
992 3303 1115 3372 persectae
1126 3319 1197 3356 con-

683 3380 752 3451 jugis
768 3379 883 3451 effigiem
895 3391 923 3434 et
934 3380 1066 3451 exemplar
1077 3380 1197 3433 immor-

683 3457 734 3511 tale
742 3497 748 3524 ,
756 3477 802 3511 sna
811 3457 868 3511 luce
876 3497 884 3524 ,
893 3476 992 3528 suoque
1002 3468 1121 3528 tempore
1132 3457 1197 3510 resti·

684 3535 815 3590 mandcnn
832 3535 1022 3590 collocaverint.
1034 3535 1078 3590 sic
1091 3535 1123 3589 ab
1139 3536 1197 3605 ipso

684 3613 798 3684 epistolae
810 3613 935 3668 exordio:
948 3620 994 3668 lua
1005 3617 1140 3682 Penelope.

717 3695 757 3746 85.
772 3696 940 3761 precatusque
949 3694 1052 3761 pndc'cis
1055 3691 1196 3761 frangitur.

686 3769 766 3824 Cedit
774 3771 855 3824 victus
863 3781 938 3841 pater
946 3771 1064 3841 precibus
1073 3770 1146 3823 meis.
1155 3768 1196 3822 Eo

682 3867 762 3903 sensu
773 3849 864 3920 virgil.
878 3848 941 3901 AEn.
950 3865 1009 3917 vu,
1024 3851 1088 3922 594:

732 3941 851 3990 maginus
858 3939 911 3978 bn!
928 3938 982 3978 letis.

685 4028 799 4080 Pndc'cei.
815 4025 921 4080 Pudice
937 4025 1039 4094 uxoris,
1057 4042 1116 4094 quae
1126 4022 1168 4076 vel
1183 4043 1198 4077 a

686 4107 764 4158 vciluo
779 4107 846 4158 leclo
859 4123 915 4157 nou
928 4104 984 4158 vult
994 4106 1131 4157 discedere.

720 4182 761 4236 86.
783 4185 856 4237 Vires
870 4188 994 4252 tempera!
1005 4187 1061 4251 inse
1077 4201 1145 4235 suns.
1166 4182 1198 4236 ld

689 4270 746 4330 est,
758 4271 851 4331 sponte
867 4281 913 4317 sua
933 4259 1009 4328 (inse)
1024 4259 1056 4314 de
1071 4259 1129 4329 iure
1145 4278 1198 4330 pa-
