2854 4992
225 471 309 526 xxo
397 471 399 478 ⁴
555 407 557 416 ’
620 449 903 516 ermenero.

226 599 354 674 inultum
371 622 486 698 quoquc
504 595 613 694 rescire
627 595 761 684 comui,
788 623 829 668 oo
842 609 944 668 teucos
965 619 1088 668 cuosom
1110 623 1148 668 oc
1171 595 1308 671 modom·

213 730 368 828 figurator
381 724 533 810 dictionis,
555 723 679 800 rorem
688 739 864 811 structura,
876 739 1002 800 motata
1014 725 1153 826 vulcon's
1169 755 1296 801 cousue-

227 855 341 934 tudiuis
355 855 386 927 in
397 853 618 955 acquisitorem
632 881 670 927 oc
681 854 861 942 doctiorem,
875 869 1073 957 qoopouoo
1086 855 1190 930 decem
1198 875 1260 931 etc.
1277 864 1297 898 *

230 991 310 1063 Haec
322 987 425 1082 igitur
435 984 549 1076 volui,
567 987 637 1061 hoc
651 989 773 1064 tentavi
788 1013 796 1058 ε
809 1006 922 1064 utrum
935 1006 1044 1062 autem
1054 989 1140 1063 bene
1154 989 1299 1063 tentanti

230 1121 275 1195 sit
291 1147 541 1208 successurum,
568 1119 623 1192 vix
642 1118 750 1193 habeo
772 1119 860 1194 unde
882 1147 1033 1221 sperem,
1058 1147 1162 1221 quum
1180 1139 1213 1195 et
1231 1120 1300 1222 ipsi

231 1256 363 1358 Heynio
378 1282 515 1328 somnus
524 1253 692 1328 interdum
701 1254 737 1326 in
749 1281 849 1356 opere
861 1252 1041 1349 tamlongo
1050 1253 1246 1354 obrepserit.
1362 1299 1364 1302 -
1422 1309 1423 1336 ,

279 1387 357 1460 Hoc
371 1413 477 1458 unum
492 1402 544 1473 te,
556 1385 679 1459 Lector
693 1384 950 1474 humanissime,
966 1415 1047 1475 oro,
1061 1387 1314 1487 obtestorque,

231 1535 271 1590 ut
285 1545 349 1618 pro
367 1533 457 1590 certo
478 1515 602 1590 habeas
617 1515 703 1588 nihil
718 1513 844 1590 volenti
861 1534 919 1590 aut
935 1517 1099 1590 inattento
1119 1515 1299 1603 excidisse;

232 1675 293 1722 nec
309 1645 485 1741 indignum
498 1673 636 1748 prorsus
651 1649 783 1721 Nasone
801 1664 834 1721 et
849 1647 929 1720 viris
946 1646 1054 1720 doctis
1068 1674 1154 1747 opus
1168 1675 1221 1720 me
1234 1646 1314 1720 edi·-¹

234 1796 364 1867 turum,
383 1777 412 1852 si
423 1796 585 1878 quantum
599 1776 635 1850 in
646 1805 699 1850 me
710 1775 814 1851 studii
830 1794 864 1852 et
874 1777 1017 1866 ardoris,
1037 1793 1167 1852 tontum
1177 1779 1302 1852 inesset
1424 1834 1425 1858 η

235 1910 314 1984 artis
333 1926 367 1984 et
383 1909 518 2004 ingenii.
537 1909 612 1981 Hoc
627 1935 760 2008 quoque
777 1907 861 1982 scire
878 1926 927 1998 te,
947 1889 1177 2010 inprimisque·
1188 1927 1300 1986 tenere

234 2040 352 2128 velim,
375 2067 447 2113 non
462 2038 564 2113 modo
581 2066 652 2111 non
667 2065 752 2133 aegre
768 2036 914 2111 laturum
929 2040 1075 2112 censoris
1093 2039 1302 2114 animadver-

236 2175 383 2260 sionem;
402 2170 461 2246 sed
481 2167 688 2270 expostulare
707 2168 895 2257 exanimo,
916 2187 955 2242 ut
973 2169 1137 2272 quidquid
1147 2197 1303 2272 peccave·
1425 2154 1426 2194 l

236 2306 313 2395 rim,
326 2330 462 2378 moneas
476 2301 596 2390 amice,
617 2327 677 2374 nec
692 2299 842 2400 peccanti
851 2300 983 2400 parcius
996 2300 1187 2397 indulgeas,
1202 2329 1303 2402 quam

236 2438 308 2538 ipse
328 2434 411 2510 mihi
432 2431 525 2508 soleo
549 2459 700 2532 parcere,
721 2431 782 2506 ubi
804 2431 949 2532 primurn
971 2434 1092 2508 erroris
1112 2461 1316 2510 commone.
1364 2483 1366 2488 -

236 2568 354 2642 factus.

289 2699 362 2772 Hac
379 2724 441 2792 ego
464 2724 516 2770 me
541 2695 606 2768 tibi
628 2693 699 2790 lege
722 2711 831 2769 totum
854 2694 1047 2783 committo,
1071 2723 1130 2798 spe
1146 2711 1306 2796 metuque

240 2827 423 2929 trepidum
446 2825 577 2926 etquid
596 2825 637 2899 de
653 2828 927 2900 Nasonenostro
955 2825 1112 2916 senseris,
1130 2827 1225 2901 anxie
1246 2826 1308 2902 ad-¹

240 2961 378 3034 modurn
394 2975 647 3061 exspectantem.

288 3095 414 3168 Firmat
432 3111 540 3166 tamen
552 3091 722 3192 aliquanto
735 3092 921 3167 dubitantis
930 3064 1059 3167 animos
1075 3093 1191 3196 opinio
1206 3093 1306 3168 talern

240 3255 330 3300 nunc
352 3227 487 3327 prodire
514 3226 692 3315 Ovidium,
709 3225 829 3328 qualis
851 3254 1018 3327 nusquam
1033 3256 1051 3302 e
1068 3226 1178 3329 praelis
1195 3227 1306 3302 adhuc

161 3395 166 3410 ·
240 3357 374 3446 exierit;
395 3374 429 3430 et
448 3356 637 3457 interpreti,
665 3356 694 3429 si
716 3355 801 3430 forte
829 3356 999 3448 defecerit,
1018 3359 1193 3435 subvenire
1214 3359 1310 3432 auxi-

241 3486 338 3562 liares
354 3487 543 3562 chartarum
559 3488 720 3577 nitorem,
744 3506 779 3562 et
800 3507 984 3565 accuratam
1001 3509 1156 3592 typorum
1173 3461 1310 3588 elegen·-v

245 3621 343 3710 tiam,
363 3649 435 3730 quae
452 3621 669 3723 Typographi
686 3623 793 3696 nostri
808 3652 932 3722 nomen
959 3631 996 3668 **
1016 3654 1091 3699 cum
1113 3627 1309 3704 nominibus

244 3751 281 3823 iu
307 3750 369 3824 hac
389 3751 472 3825 ‘arte
502 3751 723 3825 celeberrimis
746 3750 810 3827 late
835 3754 1042 3830 circumferet
1061 3755 1308 3830 celebrandum.

243 3881 338 3981 Quid
355 3909 433 3954 vero
456 3882 654 3957 Chartarum
678 3883 786 3975 nitor,
812 3885 895 3986 quid
911 3884 1073 3982 elegantia
1089 3904 1266 3988 typorum,
1281 3888 1312 3961 si

275 4081 319 4135 *E
329 4066 559 4138 pretatione'tomi'
567 4083 611 4151 1l1‚
621 4082 691 4138 Edit.
699 4085 791 4154 prirnae
801 4108 808 4152 ;
820 4086 922 4142 Nostrae
930 4106 1003 4156 vero,
1013 4099 1077 4141 torn.
1085 4103 1107 4156 1,
1116 4107 1171 4158 pag.
1181 4109 1211 4160 ²7
1219 4098 1245 4143 et
1253 4091 1294 4144 28.

274 4179 301 4228 3⁸
315 4183 387 4236 MM.
398 4182 661 4250 Bonoso-Dum,
673 4187 737 4253 pere
747 4188 832 4254 ctfils.
