2854 4992
199 517 267 568 -xx
600 497 891 572 PRAEFATIO'.

218 651 427 754 varietatem,
445 675 544 751 quam
561 650 617 724 olii
635 670 728 726 tanto
747 679 864 754 opere,
885 665 919 728 et
932 663 1013 727 tote'
1027 649 1127 726 MSS.
1143 651 1286 748 diligen·

212 783 347 858 tissime:
358 783 444 855 inter
457 811 492 856 se
506 780 650 871 collatis,
666 801 911 884 expresserant,
926 783 962 857 in
977 783 1088 884 operis
1099 785 1288 858 nostriuti-

213 911 346 988 :litatem
361 919 606 1000 converterem,
622 941 684 987 nec
701 942 797 992 curas
812 914 900 989 ultra
915 904 1164 1015 protenderem,
1183 941 1287 1014 quum
1358 1007 1360 1010 Ι
1422 995 1423 1016 ἢ

167 1113 170 1119 .
219 1043 287 1142 ipsi
302 1043 422 1118 editori
438 1043 552 1118 futuro
568 1045 757 1146 praedixisse
774 1045 948 1120 videantur
964 1073 972 1118 :
988 1072 1049 1118 non
1057 1043 1204 1144 procedes
1220 1071 1287 1118 arn-

213 1176 445 1276 pliusl'Quos
468 1178 556 1252 enim
578 1206 637 1252 seu
653 1177 805 1279 propria,
830 1177 897 1250 sive
914 1175 1021 1252 aliena
1041 1183 1143 1276 op'era
1165 1203 1288 1250 consu·-

216 1305 338 1381 lendos
356 1307 581 1382 adhibuerunt
597 1307 703 1385 libros
723 1337 826 1382 manu
848 1325 998 1382 exaratos
1009 1287 1024 1396 ,¹
1044 1306 1096 1385 vel
1118 1304 1206 1408 typis
1221 1307 1287 1382 inr-

213 1465 374 1538 pressos,
391 1437 504 1515 nullus
516 1457 567 1516 est
583 1439 758 1514 dubitandi
768 1440 877 1529 locus,
891 1440 974 1540 quin
986 1465 1115 1514 summa
1126 1437 1287 1532 religione

218 1570 574 1672 inspexerint,‘suique
588 1572 688 1648 iidem
701 1602 739 1648 ea
754 1574 793 1648 de
805 1603 841 1650 re
858 1573 994 1647 omnino
1008 1571 1140 1646 saciant.
1156 1572 1287 1672 'Neque

219 1719 333 1796 tamen·
351 1731 413 1798 ego
428 1731 479 1778 me
496 1704 531 1776 in
550 1703 721 1778 verba.vel
738 1705 973 1800 magistrorum
993 1721 1163 1778 tantorum
1176 1702 1287 1800 jurare

117 1811 119 1814 Α
218 1831 414 1908 adstrictum
430 1833 512 1908 adeo
530 1833 727 1922 existimavi,
745 1851 789 1912 nt,
802 1832 1030 1934 quidquidilli
1044 1832 1285 1930 congesserint,

218 1962 312 2038 nullo
329 1963 527 2054 discrimine,
540 1967 687 2039 examine
699 1964 850 2053 nullnin
862 1983 1015 2040 nostrum
1023 1966 1090 2038 boc
1104 1929 1191 2066 lopus
1205 1975 1287 2066 qun

213 2123 286 2194 ¹que
304 2123 516 2190 congererem
530 2125 538 2183 ;
564 2095 622 2168 sed
638 2124 676 2170 ea
691 2095 1063 2190 tantumladrnitterem,
1089 2094 1184 2186 unde.
1199 2120 1287 2169 nova

218 2224 277 2302 lux
288 2226 329 2300 ad
342 2227 452 2326 ipsum
465 2243 633 2302 auctorem
645 2225 860 2315 redundaret,
873 2245 908 2302 et
917 2226 1096 2323 refulgeret
1106 2228 1283 2316 sententia,

192 2379 195 2384 ’
218 2355 421 2455 repercussis
435 2355 514 2428 binc
529 2373 565 2429 et
578 2354 670 2430 illinc
689 2357 890 2458 ,opinionum
905 2357 1090 2432 luminibus
1107 2357 1282 2434 illustrata.

220 2486 291 2583 Qui
308 2485 453 2560 delectus
467 2487 614 2587 quidem,
632 2487 714 2569 licet,
725 2517 779 2564 res
791 2488 944 2578 ¹omniurn
962 2507 1097 2589 aspectu
1110 2489 1219 2589 primo
1232 2488 1285 2562 sa-

221 2615 357 2706 cillima,
375 2647 414 2692 eo
431 2617 509 2719 plus
525 2637 632 2696 tamen
649 2620 685 2694 in
693 2647 737 2698 se,
751 2619 955 2712 difficultatis
970 2620 1108 2708 habuit,
1127 2650 1194 2721 quo
1208 2620 1286 2696 den-

220 2749 290 2822 sior
305 2749 341 2822 in
357 2749 515 2824 Ovidium
528 2779 597 2824 nox
610 2779 649 2824 eo
666 2752 740 2852 ipso
756 2751 941 2846 ingruerat,
962 2751 1070 2852 quod,
1090 2779 1194 2852 quum
1206 2751 1284 2828 dare

219 2879 447 2981 lacemplures
467 2882 698 2978 cogitaverint,
704 2883 830 2982 suenum
842 2883 1013 2983 exsolgore
1033 2881 1185 2956 dederint
1202 2911 1287 2958 non-

219 3011 321 3098 nulli,
334 3031 367 3086 et
376 3042 428 3086 res
438 3013 483 3086 ita
496 3013 689 3116 plerumque
705 3013 969 3101 obscuraverint,
984 3013 1179 3094 utsolcmne
1191 3015 1285 3090 istud

206 3143 276 3242 flat
294 3144 352 3218 lae
365 3172 436 3218 non
445 3173 519 3218 raro
528 3145 627 3218 luerit
637 3145 808 3245 interpreti
818 3173 907 3238 novo
919 3143 1200 3219 conclamandum.
1213 3145 1284 3220 Sed

221 3273 321 3347 duces
346 3271 497 3364 aderant,
516 3304 597 3376 quas
614 3275 729 3348 dicunt
746 3274 916 3374 primarias
932 3273 1111 3363 editiones,
1131 3302 1207 3374 qua.
1218 3273 1283 3348 du-

218 3404 315 3480 bium
331 3433 427 3478 omne
444 3404 620 3495 solverent,
639 3405 699 3478 ubi
715 3403 890 3478 dubitandi
905 3403 1008 3478 locus.
1027 3405 1093 3478 Vix
1109 3405 1197 3481 enim
1211 3432 1284 3479 cre-

220 3534 341 3626 dibile,
359 3555 444 3638 qnot
464 3538 654 3612 inerrores
672 3564 839 3636 pronum,
864 3553 948 3636 quot
964 3537 1283 3636 etquamigravibus

216 3667 346 3746 mendis
357 3667 587 3742 scaturientem
595 3666 751 3744 finxerint
762 3666 1119 3768 scriptoremomnium
1129 3666 1285 3768 liquidis·

156 3861 160 3870 ,
188 3858 192 3866 ,
212 3799 357 3889 simum,
383 3799 599 3901 eumdemque
620 3797 856 3888 cultissimum,
876 3799 935 3900 qui
952 3801 1156 3895 corrigendi,
1171 3829 1284 3876 ernen-

220 3929 334 4015 dandi,
353 3929 558 4020 restituendi,
568 3929 711 4002 Nasonis
726 3928 857 4004 landem
872 3931 938 4003 sibi
954 3931 1050 4004 unice
1066 3911 1296 4026 adrogabant..

218 4060 393 4154 Laudandi
403 4089 498 4149 sane,
516 4089 619 4160 quum
629 4059 722 4134 locos
736 4061 895 4162 temporis
909 4061 1049 4160 injuria,
1064 4061 1115 4136 vel
1127 4061 1299 4160 librario.
1330 4111 1331 4115 =

219 4219 295 4266 rum
313 4192 466 4292 ,priorum
480 4191 611 4267 inscitia
627 4191 797 4272 manifeste
815 4192 1032 4293 depravatos,
1051 4192 1152 4269 MSS.
1170 4183 1284 4279 subn,
