2854 4992
316 473 539 544 eureus
576 473 991 550 nuuornoonrr.
1137 501 1182 581 29

113 613 242 686 Thesea
260 612 391 702 devovi,
413 614 489 714 *quia
509 633 540 690 te
558 613 722 692 dimittere
739 616 860 708 nollet}
959 631 961 634 ’

161 731 233 803 Nec
250 729 358 804 tenuit
376 758 492 804 cursus
508 731 649 806 forsitan
665 731 721 806 ille
739 748 825 807 tuos.

113 844 289 918 Interdum
302 845 414 934 timui,
433 875 492 936 ne,
510 847 590 922 dum
606 846 689 922 vada
705 847 814 922 tendis
832 848 874 922 ad
888 851 1012 941 Hebri,
1153 881 1182 931 ss

163 961 277 1034 Mersa
292 960 380 1036 foret
397 991 477 1038 cunc
490 965 650 1060 naufraga
666 962 791 1065 puppis
809 991 904 1064 eque

114 1077 212 1177 Saepe
230 1077 320 1158 Deos
337 1077 495 1179 supplex,
513 1107 577 1182 pro
596 1097 644 1169 te,
663 1079 833 1167 scelerate,
853 1083 987 1176 rogavi,

166 1191 253 1265 Cum
269 1221 365 1293 prece
383 1195 568 1270 turicremis
586 1195 779 1270 'devenerata
794 1195 889 1268 locis.

114 1309 229 1410 Saepe,
246 1310 361 1384 videus
377 1329 494 1386 ventos
512 1311 593 1392 celo,
611 1309 797 1413 pelagoque
814 1310 974 1403 ferentes,

163 1425 342 1524 lpsamihi
355 1425 427 1500 dixi
446 1457 453 1501 :
473 1429 503 1504 si
518 1427 606 1502 velet
621 1427 693 1516 ille,
713 1427 813 1502 venit.
1154 1471 1187 1506 20

115 1539 272 1638 Denique
288 1538 376 1614 lidus
393 1571 500 1632 amor,
520 1543 686 1644 quidquid
702 1544 962 1645 properantibus
981 1545 1112 1636 obstat,

164 1654 294 1744 Finxit,
312 1657 404 1730 etad
421 1687 535 1732 causas
551 1659 727 1754 ingeniosa
743 1659 803 1731 fui.

116 1771 164 1846 At
180 1788 219 1844 tu
236 1769 346 1848 lentus
364 1773 443 1848 abes
462 1803 470 1846 :
488 1801 550 1848 nec
567 1791 600 1848 te
615 1775 724 1874 jurata
739 1774 905 1848 reducunt

163 1886 328 1984 Numina;
345 1917 406 1963 nec
423 1908 541 1964 nostro
557 1907 668 1963 motus
686 1917 796 1963 amore
813 1889 911 1962 redis.
932 1969 935 1978 ‚

118 2002 361 2104 Demophoon,
379 2005 486 2080 ventis
503 2023 537 2080 et
552 2005 654 2078 verbe
670 2021 703 2078 et
719 2002 791 2078 vela
807 2002 952 2078 dedisti:
1157 2031 1190 2082 25

132 2104 134 2110 ¹
167 2113 253 2198 Vele
269 2146 395 2222 queror
409 2120 534 2211 reditu,
552 2121 654 2195 verba
669 2149 777 2195 cerere
793 2119 869 2196 fide.

119 2234 183 2308 Dic
199 2235 301 2324 mihi3
321 2237 402 2338 quid
419 2238 498 2326 feci,
515 2237 583 2312 nisi
599 2266 669 2312 non
685 2239 852 2338 sapienter
869 2236 996 2311 amavi?

168 2350 317 2425 Crimine
335 2369 367 2426 te
385 2354 483 2454 potui
500 2353 698 2428 demeruisse
716 2382 801 2427 meo.

119 2467 236 2542 Unum
251 2467 288 2540 iu
305 2495 358 2542 me
375 2467 482 2542 scelus
500 2487 564 2557 est,
584 2469 678 2569 quod
695 2487 744 2558 te,
764 2467 932 2556 scelerate,
950 2468 1061 2569 recepi
1081 2499 1092 2542 :-

167 2581 237 2656 Sed
254 2583 361 2658 scelus
378 2584 443 2658 boc
459 2584 569 2658 meriti
584 2584 718 2686 pondus
737 2601 769 2659 et
787 2585 891 2658 instar
906 2583 1018 2658 babet.
1056 2665 1058 2670 ,
1158 2609 1192 2660 30

118 2752 159 2805 nis
174 2753 300 2820 fuissent,
317 2763 348 2807 ut
364 2763 460 2806 notum
476 2773 507 2806 ex
523 2751 631 2807 historia
649 2728 651 2732 Ι
680 2755 737 2808 tino
748 2765 774 2808 et
784 2755 920 2808 Vaticano.
934 2757 995 2808 Cum
1000 2775 1077 2823 prece
1087 2743 1193 2810 {unkre-

118 2829 198 2901 AEgei
209 2841 238 2884 et
249 2829 354 2884 Thesei.
363 2831 461 2885 Brun.
680 2837 728 2884 mis
736 2852 790 2885 sum
800 2839 923 2886 venerata
922 2833 995 2901 socis
1006 2843 1054 2886 :trt
1061 2827 1193 2904 ¹intelliget

155 2909 643 2982 13.D1'mitlcs,r.lteomneslereedi2
680 2915 903 2978 comprecats'onem
937 2909 1041 2980 proprie
1076 2909 1192 2978 dictam,

11 2975 12 3036 ἶ
118 2987 223 3052 tiones;
260 2987 307 3040 sed
324 2987 466 3057 legendum
494 2991 632 3041 demittere,
682 3007 740 3057 quae
752 3008 841 3058 preces
854 2987 965 3040 addebat
975 2987 1118 3053 sacrifici03
1137 3008 1192 3040 non

121 3063 223 3118 Hnlns.
231 3064 305 3117 Male
315 3084 322 3118 ι
334 3065 429 3122 Cicero
436 3065 540 3134 sapius,
551 3076 633 3120 etxn,
682 3065 784 3119 dudum
796 3077 857 3119 ante
868 3065 977 3118 inducto
990 3075 1128 3135 apparatu,
1147 3067 1192 3119 sed

122 3141 154 3194 ad
165 3141 223 3196 Au.
240 3144 278 3195 18.
292 3144 463 3196 discedentem
476 3151 501 3195 le
516 3164 565 3196 non
579 3148 635 3196 sine
683 3145 783 3212 subito,
796 3155 823 3197 et
834 3154 864 3196 ut
875 3163 917 3196 res
926 3143 1033 3196 serebat.
1044 3143 1142 3198 Ruunt.

121 3241 212 3288 magno
223 3223 309 3273 dolore
319 3220 457 3274 dimittam.
470 3221 568 3275 Buum.
719 3243 756 3295 ¹9·
783 3221 915 3275 Farenles.
937 3221 1057 3274 Ferenles
1080 3221 1193 3274 malebat

157 3319 195 3369 17·
212 3299 287 3366 Soepe
295 3301 367 3352 Deos
377 3303 497 3368 supplex,
509 3305 636 3352 utsusce·
683 3299 823 3363 Francius;
840 3319 890 3352 nec
904 3317 973 3368 nego
989 3318 1055 3369 saepe
1072 3299 1108 3351 ita
1126 3299 1195 3352 Ovi-

121 3381 202 3432 Iemte
218 3381 336 3440 valeres,
357 3388 405 3450 etc.
429 3377 530 3430 Dubito
554 3378 636 3431 vehe-
684 3375 980 3444 diumetaliosloqui;
998 3375 1116 3430 sednon
1133 3375 1194 3428 ideo

123 3446 230 3511 menter
243 3475 276 3508 an
289 3454 344 3509 baec
355 3455 414 3509 setis
426 3457 507 3510 latina
517 3457 588 3524 sint,
606 3465 636 3508 ut
683 3457 780 3526 ubique
789 3457 817 3508 in
828 3449 910 3507 unam
922 3454 1064 3507 formulam
1076 3453 1195 3524 cogendi.

121 3535 199 3606 vulgo
209 3534 347 3603 leguntur,
360 3543 428 3586 etan
435 3537 641 3601 precaveneran'
717 3538 757 3602 πή.
773 3535 867 3587 Motus.
885 3535 980 3600 Captus
991 3542 1043 3585 tres
1059 3531 1132 3599 libri,
1149 3531 1195 3584 sed

13 3606 14 3612 ¹
116 3613 203 3681 strecs,
226 3622 298 3665 recte
315 3611 424 3665 dicatur.
446 3609 557 3666 Codices
572 3631 636 3678 vjero
684 3611 750 3665 nibil
766 3623 849 3665 muto.
866 3616 956 3679 captus
967 3630 1051 3663 amore
1066 3610 1117 3662 suit
1130 3609 1195 3662 'De-

122 3692 240 3756 variant3
259 3690 288 3742 in
304 3689 385 3760 priori
400 3711 492 3758 versu,
510 3689 636 3760 quidam:
684 3689 841 3760 mophoon,
871 3708 932 3742 curn
956 3687 1073 3758 primum
1094 3687 1195 3740 viderat

123 3777 152 3822 ul
164 3777 192 3823 lu
203 3773 330 3822 scelerate
347 3771 454 3833 redires,
472 3767 513 3822 vel
530 3774 637 3822 ventus.
685 3767 824 3842 Phyllida;
841 3787 931 3835 nuuc,
955 3777 985 3820 ut
1000 3765 1113 3833 rediret,
1136 3786 1195 3817 mo—

13 3843 14 3856 *
120 3851 444 3916 pmlesceleralemgavi,
458 3865 527 3900 unus
540 3847 638 3918 Regius
686 3852 740 3900 veri
749 3845 867 3900 debebat.
887 3845 967 3900 Unus
979 3844 1059 3898 etiarn
1076 3843 1195 3906 Heinsii,

125 3936 151 3980 et
160 3925 311 3994 Leidensis,
321 3926 392 3996 quod
400 3925 510 3978 minime
520 3925 638 3995 rejicien·
685 3929 769 3998 oeric·
778 3923 889 3977 solemni
894 3921 1195 3993 permutatioueBunm.

126 4004 191 4070 dum
213 4015 299 4075 puto,
321 4005 382 4074 quia
403 4015 430 4058 et
452 4003 638 4058 rotundiorem
719 4004 759 4056 28.
775 4005 945 4056 Demeruisse.
954 4001 1002 4072 Est
1009 4001 1142 4058 demereri,
1153 3997 1196 4049 ali-

127 4103 232 4138 versum
248 4084 324 4152 lacit,
342 4095 369 4137 et
385 4103 492 4137 sensum
507 4084 638 4154 optimum
687 4101 768 4153 quem
783 4082 869 4151 aliquo
885 4080 980 4134 merito
996 4077 1043 4132 sibi
1059 4073 1194 4130 constrin-

127 4162 238 4216 exbibet.
276 4163 378 4230 Rogare
400 4181 464 4218 vero
485 4181 533 4230 pro
554 4165 639 4231 aliquo
687 4180 761 4231 gere,
782 4159 957 4228 quodcn'men
969 4156 1196 4223 alii,tumen'lum

129 4253 219 4296 contra
243 4241 397 4314 Scioppium
418 4240 477 4293 alibi
496 4239 640 4294 vindicari·
687 4249 809 4314 reputare
821 4237 914 4292 debes!
992 4305 993 4310 ¹

129 4335 195 4376 mus.
208 4327 266 4375 crem
276 4315 353 4388 prec'e
368 4317 514 4389 recepimus
525 4338 556 4371 ex
567 4317 641 4372 Pela·
705 4313 1196 4370 toseds‘celusesehatetmomentum
