2854 4992
401 471 598 542 ULIXES
630 472 924 543 PENELOPAE.

125 614 257 706 Ingrata
273 627 324 685 est
339 610 463 712 pietas,
481 613 535 686 cui
553 629 644 686 tanta
654 607 809 714 'pericula
824 615 971 688 subsunt
990 645 998 688 :

168 729 255 800 Nam
269 725 354 800 male
372 727 567 802 commissus
583 728 741 802 fluctibus
757 729 829 830 ipse
844 729 918 802 fnit.

124 841 189 916 Sed
205 841 301 915 labor
316 842 352 914 in
369 841 434 916 fine
452 861 502 916 est
519 873 527 916 τ
547 871 721 918 occursum
737 845 774 917 in
791 844 889 918 litore
906 862 996 918 vates

169 957 291 1042 Dixit:
310 958 347 1030 in
364 957 550 1060 amplexus,
570 989 658 1048 care,
676 960 780 1034 ferere
797 979 886 1035 tuos.-

123 1071 319 1146 Noscendus
337 1071 401 1146 soli
417 1074 546 1148 veniam
563 1074 626 1148 libi
646 1100 654 1144 τ
674 1093 711 1148 tu
728 1101 840 1175 preme
858 1074 962 1150 solers

168 1187 351 1275 Laetitiam,
370 1205 404 1262 et
421 1189 521 1262 tacito
540 1189 659 1284 gaudia
676 1190 781 1263 conde
800 1190 886 1263 sinu.

121 1305 199 1377 Non
216 1303 250 1374 vi
267 1302 474 1392 certandum,
492 1331 553 1378 uec
572 1321 685 1405 aperta
701 1305 737 1376 in
753 1303 843 1378 bellu
859 1305 1034 1380 ruendum:
1146 1329 1192 1380 125

166 1419 225 1492 Sic
242 1419 362 1524 cecinit
377 1418 492 1494 laurus
507 1418 564 1492 ille
581 1447 717 1494 monere
734 1447 821 1493 suas.

119 1534 275 1607 Forsitan
292 1551 367 1608 ante
386 1533 501 1635 clupea,
519 1534 672 1634 interque
685 1535 835 1609 vacantia
850 1535 942 1622 vina,

166 1649 298 1724 Ultoris
314 1649 478 1751 pharetris
495 1650 578 1724 utile
596 1667 727 1751 tempus
745 1650 823 1737 erit3

119 1769 162 1839 Et
177 1767 280 1840 modo
299 1767 490 1868 despectum
507 1766 620 1840 subito
638 1766 802 1840 mirentur
815 1763 956 1839 Ulixen:

165 1884 262 1956 Heu!
280 1909 415 1983 precor,
433 1879 648 1982 ut'properet
663 1879 746 1956 velle
763 1881 873 1956 venire
892 1882 977 1972 dies,

118 1995 264 2097 Antiqui
280 2013 418 2070 renovet
435 1995 494 2096 qui
512 1995 608 2070 letus
625 1995 749 2070 foedera
764 1994 859 2082 lecti,

164 2117 213 2188 Et
231 2113 365 2187 tandem
380 2112 522 2214 incipias
540 2113 699 2213 conjuge,
719 2141 807 2202 cara,
826 2113 910 2186 frui!

116 2333 184 2403 gavit
192 2333 317 2404 bessum
324 2333 365 2387 vel
376 2338 486 2395 mosum,
497 2335 601 2405 opinor,
614 2354 629 2388 a
713 2335 767 2389 rufe
784 2335 827 2389 Sic
835 2339 931 2394 reculae?
940 2339 1027 2389 laurus
1037 2337 1083 2389 ille
1092 2355 1193 2390 monere

115 2422 200 2466 matre
218 2410 354 2476 videlieet,
368 2423 399 2466 ut
413 2411 446 2465 ad
456 2413 498 2466 illa
509 2413 629 2484 respiciat
676 2431 746 2466 suas.
760 2414 822 2468 Non
840 2414 876 2468 ita
892 2415 1045 2468 manifestus
1059 2414 1190 2488 Tiresias,

114 2489 231 2559 epistola
240 2489 403 2561 Penelopes:
678 2492 722 2562 qui
734 2503 826 2546 contra
836 2492 921 2558 dicat3
936 2493 1031 2566 Odyss.
1044 2506 1081 2560 A,
1098 2514 1152 2567 ¹¹9·

115 2579 186 2619 omnia
194 2593 283 2632 namque
292 2587 327 2618 tuo
337 2580 401 2620 senior
411 2589 430 2620 te
443 2595 527 2633 quarere
536 2583 597 2622 misso
710 2577 741 2628 lli
753 2575 826 2644 erip,
839 2572 851 2634 ll
865 2572 972 2644 ἆμφαδὶν
983 2573 1030 2640 ἆξεῖ
1040 2574 1126 2645 pollotri.

120 2679 122 2686 ·
160 2653 425 2696 munimenuuour.
450 2657 525 2696 Bunx.
713 2669 766 2721 ¹²7·
785 2651 905 2718 Interque
919 2654 1124 2704 marrucina.
1139 2649 1191 2703 Hic

148 2747 204 2800 ¹¹9·
215 2729 324 2794 Ingrata
331 2731 463 2794 estpr'etas
471 2739 519 2783 etc.
528 2729 627 2796 Timet,
677 2725 728 2780 dici
737 2733 860 2781 vacantia
870 2729 931 2781 vina
942 2768 949 2795 ,
962 2729 1056 2797 quibus
1067 2748 1156 2781 vacue
1164 2739 1191 2796 et

115 2823 163 2872 ne,
179 2823 242 2875 quoe
262 2804 295 2856 ad
314 2805 504 2873 inquirendum
524 2818 628 2877 putrem
677 2804 765 2858 otiose
778 2815 883 2860 mentes
892 2799 1129 2873 teneantur,recle
1139 2824 1192 2858 no-

115 2881 292 2936 Telemachus
314 2882 410 2936 itinera
437 2885 549 2954 suscepit
559 2925 567 2952 ,
589 2895 629 2938 lot
678 2892 716 2936 tat
727 2883 866 2950 Heinsius,
878 2883 910 2936 ad
919 2903 984 2936 vers.
995 2885 1034 2956 49.
1045 2883 1115 2936 Mire
1127 2884 1190 2941 Fore

114 2963 246 3030 tantisque
256 2960 629 3030 periculiscircumsusa‚lahe·
676 2959 784 3014 cellinus
799 2961 828 3014 in
842 2959 942 3028 lexico,
956 2961 988 3014 ad
1005 2981 1097 3014 vocem
1109 2967 1188 3024 vurta,

114 3041 237 3094 lactatam
255 3039 382 3108 pietatem
401 3040 468 3094 illius
484 3041 514 3092 in
538 3041 628 3093 animo
676 3057 731 3092 esse
747 3038 802 3092 vult
816 3049 904 3108 parata
917 3038 1043 3108 quidem,
1056 3039 1102 3092 sed
1117 3057 1189 3092 non-

114 3119 211 3172 seusim
222 3117 395 3171 imminuant.
677 3114 742 3168 dum
761 3116 790 3168 in
806 3134 926 3168 mensam
944 3115 1021 3170 illata.
1038 3117 1189 3170 Burmanni

148 3215 204 3250 rao.
221 3199 290 3250 Nam
307 3199 375 3248 male
391 3200 545 3250 commissus.
564 3198 627 3250 Jam
677 3195 784 3265 argutior
798 3194 858 3247 satis
869 3196 1040 3248 consulantur
1056 3195 1112 3265 ipso
1128 3195 1190 3248 Ho-

115 3273 381 3345 malepusofleuss.
599 3295 603 3304 ·
676 3273 744 3326 meri
756 3273 833 3340 loco,
848 3271 902 3326 Od.
916 3281 991 3347 X,9.
1001 3293 1057 3343 sqq.
1071 3293 1174 3342 no,21.

149 3374 203 3406 122.
221 3353 327 3422 Vulgo,
339 3353 430 3422 etipse
442 3353 627 3406 Burmannus:
676 3351 798 3405 Lernen.

114 3434 141 3481 in
148 3435 295 3499 amplexus,
307 3449 382 3494 care,
391 3431 479 3500 serere
490 3438 554 3485 tuos.
572 3431 627 3486 Sed
716 3429 771 3482 130.
794 3429 870 3491 Heu,
889 3448 982 3496 precor
1000 3437 1048 3482 etc.
1069 3428 1189 3483 Malebat

114 3509 191 3579 friget
206 3509 273 3563 illud
291 3529 363 3572 care,
377 3529 392 3562 a
409 3510 510 3564 Tiresia
526 3509 627 3564 dictum
675 3505 802 3562 Heinsius
812 3545 819 3574 ,
831 3509 888 3570 uic,
896 3527 1001 3576 precor,
1014 3511 1057 3561 hic
1067 3528 1187 3577 properes

116 3587 204 3653 Ulixi3
222 3607 275 3641 nec
293 3607 389 3641 sanum
410 3597 476 3657 puto
496 3591 628 3656 amplexus
675 3589 742 3639 velle
760 3591 846 3639 uenire
862 3589 926 3640 dr'es.
945 3586 1092 3654 Francius,
1112 3606 1191 3656 quam·

116 3671 187 3729 tuos,
204 3685 255 3736 pro
274 3672 372 3718 tuorum
387 3663 528 3736 amplexus.
541 3665 628 3720 Docet
671 3683 773 3732 precor,
787 3663 844 3732 vel,
856 3667 899 3718 hic
910 3685 1012 3733 precor,
1027 3672 1058 3719 ut
1071 3673 1191 3734 properet

117 3762 221 3813 quoque
230 3763 321 3798 versus
329 3761 441 3812 sequens
451 3743 484 3797 de
494 3743 627 3812 Penelope
675 3745 742 3794 velle
753 3747 838 3795 uenire
845 3745 908 3796 dues.
916 3743 1010 3796 Posset
1018 3754 1045 3798 et
1053 3743 1103 3814 legi
1112 3763 1119 3797 :
1127 3746 1184 3806 heu,

116 3841 268 3876 sermonem
284 3842 347 3876 esse.
364 3823 457 3892 Itaque
471 3841 528 3876 non
544 3821 627 3883 dubi-
671 3838 772 3887 precor,
785 3822 1113 3889 beuproperesillevemre,
1123 3824 1189 3874 dces,

118 3909 204 3952 tenter
212 3900 330 3954 correxi:
676 3897 712 3950 Et
728 3917 806 3964 mox,
826 3904 928 3968 antiqui
939 3919 1041 3956 rerores
1056 3904 1102 3971 qui
1112 3903 1190 3952 letus·
1267 3947 1270 3952 o

152 3989 177 4028 Iu
185 3991 288 4043 amplexus
294 4017 301 4040 ,
313 4003 377 4043 care,
382 3989 484 4044 sororque
492 3999 542 4032 auos.
558 3992 614 4032 Lus.
669 3975 773 4042 soedera
785 3981 854 4031 leclt'.
865 3977 964 4036 BURU.

528 4177 767 4203 -ι--Φι-ι
