2854 4992
493 512 792 583 PRAEFATIO.
1126 533 1187 588 xm

119 659 303 747 dantibus,
313 659 350 734 in
357 659 476 736 melios
485 660 886 740 consanesceresecerunt.
897 663 1183 743 Necdiffi'tendum

119 789 312 870 auxilietali
321 794 484 868 Nostrum
497 795 617 895 saepius
630 796 823 892 indiguisse,
836 797 895 898 qui
908 797 958 872 vel
969 799 1042 900 ipsa
1055 799 1184 894 ingenii

14 1023 15 1026 Ἴ
117 925 245 1002 luxurie
258 941 292 998 et
301 925 385 999 mira
394 953 534 1025 prorsus
544 927 675 1002 dicendi
686 929 798 1030 copia,
810 928 976 1018 latiorem,
993 931 1186 1031 quarnalius

119 1059 334 1162 quicumque,
348 1059 603 1157 conjicientibus
614 1089 765 1162 campum
775 1062 963 1162 prebuerit.
978 1063 1185 1158 Quis'outem

14 1167 15 1234 i
118 1193 229 1268 auimo
255 1190 340 1265 ferat
366 1191 504 1291 equiori
530 1191 753 1288 scaligerum,
782 1193 956 1280 Douzam,
988 1173 1185 1281 Heinsium,

14 1349 15 1356 ¹
116 1325 363 1410 normannum,
381 1321 433 1396 vel
450 1321 552 1396 alium
568 1324 717 1423 quemvis
730 1353 748 1398 c
762 1325 973 1426 principibus
986 1326 1028 1398 in·
1038 1345 1106 1400 arte
1123 1326 1187 1399 cri-

14 1529 15 1540 ,
119 1456 185 1530 tica
197 1455 297 1542 viris,
323 1455 542 1550 Augusteum
560 1473 695 1556 poetam
717 1457 874 1530 audacius
893 1457 1125 1554 refin'gentem,
1152 1477 1185 1532 et

14 1659 15 1698 3
118 1587 197 1661 mole
219 1600 356 1662 tornatos
372 1585 417 1682 (si
433 1585 568 1686 maudo
584 1585 632 1660 sic
647 1585 837 1680 videantur)
857 1615 965 1662 uersus
984 1617 1054 1662 non
1072 1588 1187 1662 incudi

118 1724 221 1800 modo
235 1723 427 1798 reddentem
443 1751 483 1797 ex
499 1723 652 1825 professo
668 1782 677 1814 ,
702 1726 761 1801 sed
777 1727 824 1800 ita
840 1727 1067 1815 recudentem,
1085 1746 1124 1800 ut
1143 1757 1185 1802 ne

118 1885 224 1930 unum
238 1855 372 1956 quidem
388 1856 524 1957 epriori
536 1855 678 1932 lectione
691 1858 842 1947 verbum,
860 1859 896 1932 iu
908 1849 1185 1961 recentiori'saepe

119 1986 347 2091 deprehendas
361 1989 376 2060 l

166 2119 233 2193 His
244 2118 348 2213 igitur
358 2118 608 2208 animadversis,
622 2139 814 2195 contextum
825 2123 872 2194 sic
883 2121 965 2196 mihi
975 2121 1186 2196 statuendum

119 2249 301 2352 proposui,
318 2267 357 2323 nt
369 2249 760 2325 Heinsio-Bunnonm'anoe
767 2253 954 2328 recensioni
967 2253 1066 2327 toties
1079 2252 1186 2326 adhae-

119 2411 245 2472 rerem,
268 2383 403 2484 quoties·
415 2411 486 2455 non
503 2383 684 2484 itaprocul
704 2385 746 2457 ab
766 2383 889 2458 ovidio
903 2356 1089 2473 ¹recederet;
1114 2413 1186 2486 quae

120 2542 198 2588 vero
214 2513 293 2614 plus
302 2513 457 2608 minusve
471 2513 854 2612 feliciter'coujecerunt,
874 2543 893 2587 a
910 2531 1002 2588 textu
1017 2515 1134 2615 procul
1150 2517 1187 2588 iu

14 2737 15 2750 ἶ
121 2661 220 2718 notas
231 2641 408 2737 releganda
421 2645 542 2731 curavi,
553 2644 853 2739 ingeniosissimum
867 2621 1013 2720 virorum
1026 2648 1187 2743 sagacita-

120 2793 203 2883 tem,
218 2791 253 2848 et
266 2774 464 2870 elegantiam
476 2803 582 2876 prope
595 2777 820 2850 Nasoniauarn
833 2777 924 2850 haud
937 2777 1036 2852 semel
1049 2779 1186 2854 demira-

122 2924 194 2994 tus;
211 2906 271 2980 sed
285 2935 352 3006 quo
366 2905 580 3008 procederem
594 2907 749 3002 longius,
772 2937 812 2982 eo
830 2909 935 3004 magis
950 2927 1042 2984 ratus
1058 2939 1127 2983 uon
1140 2911 1187 2985 sic

14 3105 16 3150 ἰ
123 3055 292 3112 auctorem
304 3035 487 3125 emendari,
501 3036 560 3110 sed
571 3038 619 3110 ita
629 3039 751 3112 sensim
762 3037 953 3128 deformari,
969 3059 1008 3114 ut
1017 3041 1071 3114 vix
1080 3041 1185 3116 ullum

14 3161 15 3184 ³
122 3189 233 3246 servet:
246 3169 426 3270 aliquando
446 3170 500 3244 sui
516 3169 701 3265 vestigium.
724 3170 792 3244 Sed
811 3171 880 3246 haec
898 3171 938 3246 de
959 3171 1186 3248 emendatione

123 3303 214 3376 satis.
461 3303 464 3310 ’

14 3525 15 3546 ¹
123 3477 126 3484 ¹
170 3436 279 3532 Quod
294 3443 375 3510 v'eru
390 3436 432 3510 ad
449 3435 755 3537 interpretationem
772 3453 917 3537 spectat,
943 3436 1064 3538 duplex
1074 3463 1186 3532 ¹genus

14 3547 15 3620 }
123 3595 195 3641 esse
209 3567 317 3640 dicam
335 3596 343 3639 ε
361 3594 414 3640 res
431 3565 554 3640 scilieet
566 3585 599 3640 et
612 3567 728 3656 verba,
743 3567 811 3657 vel,
829 3585 868 3642 ut
881 3569 927 3641 ait
941 3569 1186 3664 Quintilianus,
1245 3663 1248 3670 Ι

123 3698 199 3799 quid
210 3717 245 3773 et
256 3698 406 3799 quomodo
420 3697 547 3797 dicotur.
566 3699 618 3772 De
632 3699 744 3772 verbis
761 3699 911 3799 quidem,
933 3700 1019 3772 nihil
1032 3719 1083 3774 est
1100 3718 1187 3775 certe

126 3831 218 3931 quod
233 3830 415 3918 desideres3
431 3829 529 3930 plura
546 3837 656 3904 autem
673 3859 745 3930 quae
761 3829 859 3905 tollas
873 3830 1050 3920 libentius,
1070 3833 1106 3904 in
1121 3850 1187 3906 tam

125 3963 262 4062 copiosa
277 3967 416 4032 notorum
432 3978 466 4034 et
479 3960 706 4034 odnotuuonmn
720 3962 901 4059 farragine,
924 3991 1013 4063 quac,
1023 3961 1112 4036 'dum
1126 3963 1188 4034 ›in-
1206 4045 1210 4056 f

125 4109 233 4186 tegnas
245 4073 318 4165 sere
326 4091 462 4190 paginas
473 4091 643 4181 obmunt,
657 4092 768 4194 ipsum
778 4093 832 4165 vix
844 4109 1017 4166 auctorem·
1022 4090 1188 4164 interdum
1199 4069 1201 4077 ,

126 4221 240 4296 sinunt
258 4249 434 4325 apparere,
453 4240 487 4298 et
504 4224 745 4319 gurgiterasto
755 4251 832 4305 ,nou
846 4223 893 4296 ita
909 4222 1003 4298 facile
1021 4249 1189 4316 emergen-
