2854 4992
214 444 274 501 x1v
606 423 895 495 PRAEFATIO.

209 573 335 652 scilicet
351 574 400 648 sic
415 571 483 674 ipsi
499 571 679 646 dixissent!
698 573 792 674 quod
809 593 977 650 summum
998 589 1050 648 est
1070 577 1286 670 temeritatis,

207 734 314 807 quum
327 731 397 778 non
410 701 625 805 ineptiallli
635 731 713 778 vero
725 701 766 780 de
779 704 906 806 quibus
921 703 977 780 hic
990 734 1116 797 sermo,
1132 737 1199 810 quo
1217 721 1292 788 c'er-

207 837 329 926 tiores,
348 865 389 911 eo
406 833 515 910 timidi
531 835 690 932 magisne
708 835 822 926 dubii;
838 855 872 912 et
890 866 985 940 aequa
1003 837 1162 918 lectorem
1181 845 1287 946 scrip-

207 987 383 1073 toremque
397 970 582 1047 reverentia
600 969 822 1072 prosequuti,
839 969 925 1044 nihil
942 1001 1112 1074 unquam,
1127 974 1288 1057 nisi'cum

207 1101 300 1176 bona
319 1102 496 1203 utriusque
512 1101 626 1191 venia,
646 1101 713 1175 sibi
731 1120 931 1205 proponunt
952 1103 1197 1180 inmutandum
1213 1137 1223 1184 r
1237 1108 1287 1184 ita

207 1252 248 1310 ut
257 1234 422 1332 suadere,
441 1251 476 1310 et
494 1263 630 1310 monere
646 1235 782 1336 potius,
806 1265 907 1338 quam
922 1235 1041 1314 docere
1055 1237 1231 1314 videantur
1253 1258 1288 1317 et

207 1369 408 1471 imperitare.
420 1369 601 1470 Naugerius
611 1355 746 1470 quidem
753 1361 816 1444 nec
826 1396 922 1444 rarus
934 1369 1207 1470 inconjiciendo,
1224 1401 1290 1449 neo·

205 1500 346 1575 infelix:
361 1501 474 1604 ipsum
490 1517 600 1576 tamen
614 1500 808 1592 audiamus,
825 1509 1040 1578 excusantem
1057 1529 1093 1578 se
1112 1503 1287 1606 in-prafa-

205 1631 356 1708 tinueula
366 1632 523 1735 quadam,
537 1633 641 1736 quod,
653 1633 857 1730 suffragante
867 1631 962 1708 nullo
971 1633 1161 1737 exemplari,
1167 1637 1284 1712 'neseio

178 1855 182 1865 ,
207 1768 306 1869 quid,
325 1767 405 1844 licet
427 1769 587 1846 momenti
609 1767 791 1843 admodum
815 1750 915 1858 levis,
940 1767 978 1842 in
1000 1785 1128 1844 textum
1154 1769 1286 1846 sivisset

204 1902 359 2004 irrepere.
388 1935 407 1971 α
437 1903 632 2002 Quoniam,
656 1901 783 2002 inquit,
797 1922 903 2001 porco
926 1898 1092 2001 quadam,
1112 1903 1284 2002 (quamvis

204 2035 364 2134 subtinidc
386 2035 440 2126 id,
465 2053 500 2110 et
521 2015 618 2137 parce
640 2032 807 2108 admodum
830 2031 993 2127 fecimus)
1015 2033 1283 2124 immutavimus,

203 2167 342 2244 illorum
355 2169 534 2243 admonere
547 2141 705 2241 lectorem
717 2164 903 2255 voluimus,
919 2194 962 2241 ne
979 2166 1056 2268 quis
1068 2165 1155 2241 forte
1164 2167 1200 2242 id
1210 2195 1284 2244 sus·

204 2303 352 2403 piretur,
371 2329 445 2403 qua
458 2298 800 2388 nosemendavimus,
818 2327 859 2374 ex
867 2315 1017 2374 veterum
1026 2297 1193 2376 librorum
1204 2327 1284 2375 auo-

204 2435 341 2510 toritate
362 2405 544 2524 emendata.
572 2467 591 2500 »
624 2433 729 2532 Quod
750 2433 806 2508 hic
828 2433 1026 2535 Nargents,
1050 2433 1175 2510 rennes
1201 2433 1283 2512 alibi

180 2606 183 2611 ·
206 2568 374 2675 Micyllus,
394 2565 560 2668 (Jirrsanus,
578 2584 613 2642 et
627 2565 684 2642 alii
700 2595 929 2670 quoscumque
941 2567 1061 2670 pudor
1070 2569 1194 2660 tenuit,
1211 2599 1283 2648 sese

204 2705 241 2778 in
253 2704 400 2780 auctoris
415 2703 523 2805 ipsius
538 2701 652 2798 locum
666 2719 859 2798 arroganter
872 2699 1070 2778 sufficiendi.

254 2839 470 2938 Quamquam
486 2835 544 2910 illa
559 2836 634 2937 ipsa
655 2853 803 2910 veterum
822 2834 988 2912 librorum
1012 2837 1193 2912 auotoritas
1210 2866 1283 2913 nou

207 2969 275 3044 dux
290 2969 422 3070 ubique·
434 2968 481 3042 ita
495 2967 619 3057 fidelis,
640 2995 714 3068 quar
728 2994 798 3042 non
816 2985 993 3070 sequentes
1008 2997 1027 3043 a
1042 2986 1131 3044 recta
1148 2969 1202 3044 via
1222 2969 1285 3048 ali-

123 3065 132 3084 ,
208 3101 343 3202 quando
357 3100 514 3190 deducat3
528 3115 579 3188 et,
594 3099 661 3174 nisi
674 3100 778 3175 amica
791 3099 849 3176 lux
861 3102 898 3174 in
907 3101 973 3175 hoc
987 3100 1090 3176 veluti
1101 3100 1282 3177 horbam

206 3233 365 3310 vanorum
376 3231 548 3334 quadrivio
560 3231 806 3333 trepidantibus
813 3233 974 3331 'affulgeat
985 3234 1168 3337 repentina,
1181 3261 1283 3336 quam

206 3367 406 3458 verendum,
424 3395 483 3457 ne,
502 3395 571 3468 quo
588 3364 703 3468 plures
727 3367 770 3444 atl
795 3392 909 3446 verum
930 3371 1005 3461 vito,
1029 3399 1070 3446 eo
1092 3367 1223 3445 facilior
1245 3369 1286 3442 in'

206 3529 357 3590 errorem,
364 3499 561 3603 prolapsus!
583 3501 894 3611 Lurautemquam
905 3503 999 3592 dico,
1017 3502 1100 3604 quid
1111 3499 1202 3578 aliud
1213 3499 1280 3592 es't,

206 3635 273 3710 nisi
293 3636 454 3731 'sagacitas
475 3633 625 3736 quadam
643 3634 787 3730 ingenii,
813 3653 847 3710 et
870 3637 966 3738 quasi
987 3643 1095 3712 taetus
1115 3633 1227 3710 mollis
1243 3663 1282 3710 ac

207 3765 377 3859 delicatus,
385 3768 444 3870 qui
451 3766 582 3858 vulnus,
592 3767 796 3869 ubicumque
806 3767 917 3858 lateat,
925 3765 1281 3868 eert'us'deprehendat,

205 3931 268 3980 neo
290 3919 376 3978 certe
397 3900 508 3976 minus
531 3901 718 3978 sanandum
742 3903 929 4004 suscipiat?
956 3899 1059 3976 Pleno
1078 3900 1148 3976 haec
1168 3899 1282 3974 omnia

166 4113 167 4118 ,
207 4036 403 4112 Betomonao
413 4035 637 4132 contigerant,
651 4035 709 4138 qui
717 4036 790 4126 vir,
800 4035 867 4109 uisi
879 4036 986 4110 turbae
999 4033 1171 4131 religionis
1182 4035 1282 4108 canusa

207 4165 336 4246 oborta
351 4197 371 4245 a
386 4167 507 4252 studiis
524 4168 731 4270 frequentius
751 4167 1009 4259 abstraxissent,
1037 4185 1071 4244 et
1086 4166 1163 4242 loco
1180 4165 1280 4240 etiam
