2854 4992
212 429 232 496 8
585 421 852 494 EPISTOLA
874 425 905 490 1.

257 563 372 638 Incola
390 563 521 666 captivo
540 567 614 664 quae
630 565 718 638 bove
735 564 842 638 victor
859 579 943 637 arat

209 672 285 754 dam
302 708 395 775 seges
413 696 465 754 est
486 679 547 752 ubi
563 679 665 778 Troja
680 677 763 767 fuit3
780 677 1022 778 resecandaque
1039 675 1121 752 falce

258 795 421 868 Luxuriat
437 795 584 896 Phrygio
601 795 762 890 sanguine
779 793 916 895 pinguis
932 793 1065 866 humus.

210 909 432 1012 Semisepulta
449 911 556 985 vimm
573 911 681 985 curris
698 909 864 984 feriuntur
881 909 998 982 aratris

261 1027 369 1100 Ossa:
383 1025 536 1102 ruinosas
554 1024 676 1100 occulit
693 1025 799 1099 herba
816 1023 944 1096 domos.

208 1140 327 1248 Victqr
345 1142 445 1230 abes3
461 1171 522 1218 nec
540 1142 623 1216 scire
639 1141 741 1230 mihi,
759 1169 833 1242 qua
850 1169 948 1214 causa
964 1140 1134 1228 morandi,

258 1261 331 1333 Ant
346 1259 382 1332 in
400 1287 468 1360 quo
485 1257 588 1345 lateas
603 1257 729 1334 ferreus
748 1258 850 1344 orbe,
863 1255 950 1330 lieet.

213 1374 376 1474 Quisquis
394 1373 435 1448 ad
452 1373 524 1446 hac
541 1372 640 1446 vertit
656 1374 864 1473 peregrinam
880 1372 980 1446 litora
997 1373 1158 1474 puppim,

259 1487 320 1562 Ille
338 1487 422 1560 mihi
439 1487 480 1562 de
499 1504 531 1561 te
547 1486 654 1562 multa
669 1503 808 1582 rogatus
825 1486 917 1572 ahit;
1250 1507 1284 1558 so

211 1605 388 1706 Quamque
406 1604 471 1678 tibi
487 1603 621 1691 reddat,
638 1604 668 1677 si
685 1621 717 1676 te
735 1601 837 1676 modo
854 1602 975 1675 viderit
990 1631 1150 1704 usquam,

110 1804 112 1808 ¹
221 1810 223 1817 y
259 1721 418 1796 Traditur
433 1720 513 1794 huic
531 1719 646 1815 digitis
663 1719 776 1792 charta
792 1733 908 1790 notata
923 1717 1016 1791 meis.

210 1839 284 1912 Nos
301 1837 429 1938 Pylon,
445 1836 576 1938 antiqui
592 1834 710 1910 Neleia
725 1833 879 1908 Nestoris
897 1861 991 1920 arva,

260 1953 417 2028 Misimus
432 1984 440 2026 ι
454 1955 580 2026 incerta
597 1969 649 2025 est
664 1951 750 2025 fama
765 1948 903 2021 remissa
919 1945 1014 2048 Pylo.

211 2069 368 2142 Misimus
387 2087 421 2142 et
437 2069 603 2168 Sparten:
619 2067 738 2167 Sparte
757 2091 891 2163 quoque
908 2063 1020 2136 nescia
1035 2063 1120 2151 veri,
1250 2087 1285 2139 65

261 2183 356 2279 Quas
372 2182 505 2255 habitas
523 2199 645 2270 terras,
663 2197 721 2254 aut
736 2179 798 2252 ubi
814 2177 925 2252 lentus
943 2179 1032 2254 abes.

211 2295 338 2370 Utilius
356 2315 482 2371 starent
500 2297 599 2372 etiam
615 2324 705 2369 nuno
721 2294 844 2370 moeuia
860 2293 991 2369 Phoebi.

261 2417 415 2510 (Irascor
429 2415 517 2488 votis
533 2414 601 2488 heu
617 2412 698 2488 levis
716 2413 790 2513 ipsa
806 2411 888 2486 meis
899 2412 951 2506 !)‘

214 2609 286 2680 qnod
306 2629 363 2664 non
382 2610 473 2680 probo.
491 2609 536 2664 Sic
550 2611 635 2662 demta
649 2609 725 2671 urbs,

215 2689 310 2742 Senec.
321 2687 422 2756 Quaest.
432 2696 486 2740 nat.
496 2703 532 2740 111
542 2725 549 2753 ,
562 2708 585 2738 2.
596 2695 622 2739 et
632 2685 726 2756 Agant.

215 2767 339 2886 6s'ldloenie
347 2843 423 2885 DIrdm
433 2842 528 2882 fabricate
535 2857 594 2882 manu
599 2871 607 2892 ,

263 2920 342 2959 Diruta
352 2926 426 2958 nostra.

210 3002 240 3046 et
251 2993 344 3064 virgil.
356 2992 419 3044 AEn.
430 3008 459 3044 xr
470 3031 477 3059 ,
490 3010 555 3064 279:
568 2981 573 2994 ⁹

210 3082 254 3122 Neo
263 3081 312 3120 mihi
318 3097 364 3121 curn
370 3083 452 3122 Teucris
460 3083 523 3121 ullum
530 3081 648 3134 postdr'ruta
652 3080 727 3120 bellum

211 3155 315 3206 Pergama.

211 3228 256 3282 sic
268 3228 343 3281 enim
360 3227 522 3300 legendum,
534 3249 565 3282 ex
583 3228 726 3281 veterrimo

216 3305 346 3360 Vaticano
362 3307 468 3375 codice,
480 3327 537 3360 non
552 3313 639 3369 eruta,
655 3307 728 3360 utin

215 3383 333 3454 vulgatis.
354 3385 390 3438 Et
404 3405 485 3454 sane,
502 3384 728 3454 quemadmodum

215 3462 273 3534 plus
286 3473 324 3516 est
334 3464 355 3518 si
367 3467 479 3533 datlecr‘a
490 3468 600 3526 moem'er,
615 3462 728 3532 quamsi

209 3541 314 3608 dejecta
324 3542 456 3610 dicamus,
468 3543 504 3595 ita
512 3541 570 3612 plus
580 3551 619 3595 est
627 3545 725 3604 diruta,

217 3639 298 3688 quam
308 3627 389 3674 eruta.
403 3623 504 3675 Helue.

249 3699 289 3750 55.
308 3701 395 3752 Curris
404 3701 538 3768 finientur
550 3702 644 3752 aratn's
659 3716 727 3750 ossa.

211 3775 304 3845 virgil.
316 3776 414 3848 Georg.
425 3797 436 3830 1
448 3817 456 3845 ,
470 3777 534 3848 496:

212 3865 256 3905 Aut
265 3866 357 3916 gravibus
370 3869 439 3907 restris
449 3867 512 3916 satem
520 3865 606 3916 pulsabit
617 3867 689 3904 inanes.

208 3937 271 4006 Qui
282 3959 380 4008 versus,
393 3950 493 4010 quanto
503 3949 608 4008 praestet
615 3940 727 3994 ovidia-

206 4035 253 4082 no,
260 4037 308 4070 seu
318 4036 488 4072 numerosam
493 4017 634 4069 verborum
643 4017 726 4088 dispo·

206 4094 334 4148 sitionem
345 4137 353 4164 ,
363 4117 411 4150 seu
423 4095 555 4148 delectum
566 4096 725 4165 attenderit,

212 4189 293 4226 nemo
301 4193 363 4228 sane
373 4174 419 4226 diu
425 4173 571 4226 multumve
577 4175 714 4242 quaesierit.

236 4250 277 4303 53.
294 4253 386 4309 Neler'a
396 4271 464 4308 ama.
476 4252 510 4306 ln
523 4252 616 4322 quibus
627 4256 724 4313 Neleus

774 2607 1021 2678 regnavit,quix11
1037 2605 1104 2660 filios
1120 2605 1246 2678 suscepit,
1256 2627 1288 2662 ex

775 2685 869 2754 quihus
879 2685 977 2740 Nestor
987 2704 1056 2738 unus
1068 2694 1207 2755 superstes.
1219 2685 1287 2738 How

775 2784 841 2817 mer.
855 2765 887 2818 ll.
898 2774 929 2820 Λ.
944 2764 1044 2836 Hygia.
1058 2781 1083 2816 a.
1097 2763 1216 2817 Croran.

805 2853 848 2906 66.
864 2853 922 2907 Aut
938 2857 985 2906 ubi
998 2857 1083 2907 lentus
1100 2857 1170 2906 abes.
1189 2855 1288 2908 uentus

753 2985 757 2991 ,
774 2951 856 3000 agas,
868 2932 897 2984 in
912 2931 1049 2986 chartaceo
1061 2931 1184 2986 Scriverii
1196 2954 1203 2996 3
1214 2932 1288 3002 quod

774 3029 829 3080 prae
840 3009 945 3078 vulgato
956 3009 1057 3078 placet,
1070 3009 1090 3063 si
1102 3013 1203 3062 taurus
1219 3029 1289 3078 quo-

775 3105 827 3158 que
837 3087 1000 3156 reposueris,
1012 3089 1082 3141 utin
1093 3106 1148 3140 uuo
1161 3087 1288 3142 Mediceo

775 3177 864 3220 exstat.
875 3165 976 3220 Herrts.

807 3245 847 3296 58.
864 3246 968 3296 Irascor
981 3248 1049 3298 veru
1064 3247 1132 3298 deut
1152 3245 1217 3315 levis
1227 3247 1288 3311 ipsa

775 3327 845 3376 mero.
854 3322 953 3376 Sensus
964 3333 1083 3376 estzcum
1092 3321 1164 3392 prius
1173 3321 1289 3391 optarim

775 3409 806 3452 ut
822 3400 933 3469 Troiam
957 3401 1155 3470 quamprimum
1182 3410 1287 3452 everte-

775 3479 851 3546 retis‚
864 3479 936 3546 jam,
950 3489 1051 3532 mutata
1064 3477 1208 3543 sententia,
1222 3482 1287 3530 meis

774 3556 829 3626 ipsa
843 3561 911 3608 vott's
926 3560 1041 3620 1'rascor,·
1053 3575 1117 3608 narn
1127 3558 1219 3616 ulidus,
1229 3561 1288 3606 sta-

775 3641 832 3686 rent
849 3639 927 3688 elram
942 3655 1008 3688 nuuc
1025 3639 1119 3688 moenr'a
1134 3637 1230 3687 Pboebi.
1250 3635 1288 3688 Et

775 3713 811 3765 sic
821 3712 876 3782 jam
887 3713 951 3765 olim
961 3713 1011 3766 viri
1021 3712 1092 3766 docti
1102 3723 1288 3782 exposuerunt.

777 3789 848 3844 Sunt
864 3802 973 3857 tamen,
987 3791 1032 3859 qui
1047 3791 1084 3844 ita
1102 3789 1196 3842 malint
1213 3789 1287 3843 acci-

777 3888 839 3938 pere
850 3908 857 3934 ,
868 3879 904 3920 ·ut
920 3868 1029 3921 hicnon
1048 3874 1107 3921 vota
1121 3885 1170 3937 pro
1187 3865 1287 3923 excidio

774 3946 845 4009 urhis
856 3945 945 4012 Trojae
953 3984 960 4011 ,
969 3945 1015 3998 sed
1025 3944 1089 3998 illud
1097 3943 1285 4014 reprehendat,

775 4022 847 4092 quod
857 4022 1024 4076 antecedenti
1033 4043 1111 4076 versu
1122 4021 1288 4092 imprudenti
1347 4059 1348 4062 =

774 4099 917 4166 exciderat,
928 4103 1016 4152 utilz'us
1026 4107 1126 4154 starent
1134 4110 1183 4154 etc.
1197 4101 1287 4153 statim

774 4175 1286 4246 ipsacorrigens.SednonvidetCl.Len-

774 4276 827 4329 nep
838 4255 973 4328 quomodo
979 4264 1064 4315 votum
1070 4256 1134 4314 illud
1142 4256 1192 4312 dici
1197 4256 1285 4327 possit.
