2854 4992
259 531 371 614 XXVlll

255 680 348 742 menis
359 676 420 744 suis
429 673 464 736 ab
477 674 589 738 Heinsii
600 673 739 736 sententia
753 670 898 748 dissentit)
911 670 942 732 in
956 667 1088 734 secundis
1106 682 1241 732 notarum
1260 673 1338 734 curis

257 797 319 838 rem
336 775 443 858 optime
458 771 505 834 bie
520 793 627 856 agens,
648 771 788 834 Ovidium
802 769 931 830 similiter
946 779 1038 830 totam
1056 765 1139 851 Eleg.
1163 784 1246 846 vus,
1264 769 1315 832 lib.
1329 787 1341 829 r

260 876 365 938 Amor.
377 896 443 956 quae
452 873 592 936 invectiva
604 883 649 932 est
658 871 689 931 in
699 869 854 952 Dipsadern
863 912 873 945 ,
882 868 1023 929 imitatum
1033 868 1137 944 fuisse,
1150 890 1185 930 ex
1195 871 1343 952 Propertii

257 976 353 1040 nostri
363 975 447 1060 Eleg.
459 997 496 1052 v,
508 972 557 1032 lib.
572 989 626 1048 tv,
641 971 774 1053 scriptam
788 969 819 1029 in
834 969 956 1030 similem
968 969 1061 1030 lenam
1077 968 1286 1045 Acanthidem3
1314 986 1343 1034 ct

259 1078 412 1137 Fastorum
424 1071 514 1133 libros
529 1068 653 1132 scribere
665 1069 826 1152 cogitasse,
840 1089 932 1150 quum
942 1067 1024 1130 valde
1034 1068 1061 1128 ei
1072 1068 1246 1150 placuissent
1259 1092 1342 1132 non-

259 1173 347 1236 nullae
360 1171 505 1254 Propertii
518 1169 628 1253 Elegiae
642 1168 677 1229 de
688 1189 786 1230 rerum
798 1187 981 1228 romanarum
997 1167 1130 1250 origine,
1149 1167 1206 1229 boc
1221 1169 1253 1228 in
1266 1169 1341 1232 libro

259 1285 424 1338 exstantes:
443 1267 684 1353 quemadmodum
701 1269 784 1352 Eleg.
802 1284 907 1344 xvut,
925 1266 975 1327 lib.
996 1283 1044 1342 11,
1063 1291 1119 1349 qua
1137 1290 1167 1330 se
1187 1271 1342 1332 multarum

260 1371 406 1436 amoribus
420 1369 580 1434 obnoxium
594 1368 747 1450 profitetur
760 1367 950 1450 Propertius,
964 1365 1073 1429 Ovidio
1085 1367 1177 1430 simile
1189 1389 1343 1454 argumen-

259 1488 334 1552 tum,
343 1473 393 1534 lib.
408 1490 434 1533 11
445 1471 600 1548 Amorum,
609 1470 693 1554 Eleg.
704 1486 751 1546 tv,
763 1468 972 1550 suppeditasse,
982 1467 1013 1526 in
1029 1467 1247 1550 Prolegornenis
1260 1469 1339 1532 idern

262 1586 360 1636 censet
373 1571 508 1654 Vulpius.
521 1615 526 1626 .

304 1700 320 1728 «
339 1673 397 1735 Sed
413 1671 637 1735 controversiam
654 1690 770 1730 omnem
786 1665 894 1727 dirimit
908 1679 976 1728 aetas
991 1667 1133 1742 Nasonis,
1148 1667 1199 1748 qui
1211 1668 1278 1730 loco
1290 1669 1342 1729 in-
1422 1683 1423 1712 ³

261 1773 337 1858 signi
351 1771 441 1832 Trist.
464 1787 518 1847 tv,
536 1768 620 1850 Eleg.
638 1783 677 1844 X,
691 1764 751 1844 4²5,
770 1777 911 1844 testatur,
927 1766 1111 1848 Propertium
1135 1789 1210 1848 saepe
1227 1767 1342 1854 Elegias

262 1873 317 1934 sibi
327 1872 475 1933 recitasse:
927 1881 932 1888 ·
1422 1863 1423 1890 ¹

428 1997 504 2068 Saepe
516 2015 577 2050 suos
588 1995 678 2049 solitus
689 1994 800 2058 recitare
813 1993 1070 2064 Propertius·ignes;

260 2115 412 2179 Tibullum
424 2113 530 2189 Gallo,
549 2109 668 2171 Tibullo
681 2108 884 2191 Propertium3
904 2131 934 2171 sc
952 2132 1020 2172 vero
1037 2112 1207 2193 Propertio,
1221 2111 1252 2171 in
1267 2114 1342 2174 scri-

260 2216 361 2278 bendis
384 2214 503 2296 Elegis,
525 2211 713 2281 successisse;
735 2221 926 2289 quartumque
950 2208 985 2269 ab
1013 2209 1056 2270 bis
1078 2222 1242 2291 temporum
1268 2213 1340 2273 serie

260 2319 358 2412 luisse.
378 2313 470 2389 Quod
481 2309 597 2393 quidem
613 2308 656 2370 bis
672 2309 838 2385 confirmat,
852 2309 943 2370 Trist.
961 2308 1010 2370 lib.
1024 2326 1067 2385 11,
1085 2309 1163 2384 445:
1225 2361 1229 2368 .

428 2441 486 2496 Nec
497 2439 547 2493 suit
558 2436 700 2509 opprobrio
711 2436 853 2492 celebrasse
866 2437 996 2510 Lycorida
1006 2435 1102 2504 Gallo,
1116 2439 1166 2492 etc.

115 2605 117 2609 -
187 2642 189 2646 Ι
263 2553 644 2642 ettih.v,Eteg.1,15:

427 2689 541 2744 Delicias
551 2688 574 2742 si
585 2688 642 2758 quis
652 2687 798 2757 lascivaque
810 2687 927 2741 carmina
940 2687 1047 2756 quaerit,

459 2773 619 2827 Praemoneo
632 2790 773 2842 nunquam
784 2771 880 2842 scripta
893 2771 964 2841 quod
977 2772 1025 2825 ista
1037 2771 1122 2842 legat:

428 2857 525 2928 Aptior
534 2857 598 2910 huic
609 2855 716 2928 Gallus,
730 2855 872 2925 blandique
885 2856 1041 2926 Propertius
1052 2857 1120 2920 oris;

458 2943 572 3012 Aptior,
584 2941 724 3012 ingenium
736 2959 827 3008 come,
842 2939 963 2994 Tibullus
976 2941 1034 2993 erit.

301 3091 317 3118 s
335 3065 380 3126 Er
390 3063 434 3125 bis
449 3063 540 3149 igitur
552 3075 684 3124 constare
696 3063 821 3144 opinor,
840 3057 1023 3142 Propertium
1038 3060 1155 3120 minime
1172 3058 1224 3120 lrac
1238 3061 1338 3146 Elegia

258 3165 399 3226 imitatum
410 3163 495 3230 fuisse
510 3163 666 3235 Ouidium
688 3161 738 3224 sed
750 3162 817 3222 huic
833 3161 932 3244 potius
943 3159 1084 3222 scribendi
1097 3159 1266 3241 ampliorem
1281 3162 1337 3221 de-

259 3264 334 3324 disse
357 3264 521 3340 materiem,
548 3263 628 3344 quod
653 3263 798 3344 praecipue
821 3273 899 3344 patet
920 3260 1077 3320 innumeris
1100 3259 1188 3337 locis,
1213 3257 1278 3342 quae'
1301 3271 1339 3320 er‘

208 3408 213 3414 -
257 3363 411 3444 Propertio
427 3364 531 3446 passim
548 3363 690 3424 imitatum
706 3383 768 3424 esse
784 3363 949 3440 Nasonem,
966 3360 1054 3422 toties
1065 3360 1097 3422 io
1113 3358 1170 3424 boc
1183 3359 1336 3422 commen·
1419 3363 1422 3384 t

256 3463 330 3525 tario
349 3465 457 3530 notam.
472 3491 486 3520 o
504 3477 559 3526 etc.
