<?xml version="1.0" encoding="UTF-8"?>
<!DOCTYPE html PUBLIC "-//W3C//DTD XHTML 1.0 Transitional//EN"
    "http://www.w3.org/TR/xhtml1/DTD/xhtml1-transitional.dtd">
<html xmlns="http://www.w3.org/1999/xhtml" xml:lang="en" lang="en">
 <head>
  <title>
</title>
<meta http-equiv="Content-Type" content="text/html;charset=utf-8" />
  <meta name='ocr-system' content='tesseract 3.04.00' />
  <meta name='ocr-capabilities' content='ocr_page ocr_carea ocr_par ocr_line ocrx_word'/>
</head>
<body>
  <div class='ocr_page' id='page_1' title='image "bibliothecaclas108lemagoog_0057.png"; bbox 0 0 2854 4992; ppageno 0'>
   <div class='ocr_carea' id='block_1_1' title="bbox 106 477 1172 512">
    <p class='ocr_par' dir='ltr' id='par_1_1' title="bbox 106 477 1172 512">
     <span class='ocr_line' id='line_1_1' title="bbox 106 477 1172 512; baseline -0.005 0"><span class='ocrx_word' id='word_1_1' title='bbox 106 477 1172 512; x_wconf 52' lang='lat' dir='ltr'><strong>*mmmmm</strong></span> 
     </span>
    </p>
   </div>
   <div class='ocr_carea' id='block_1_2' title="bbox 173 697 1103 807">
    <p class='ocr_par' dir='ltr' id='par_1_2' title="bbox 173 697 1103 807">
     <span class='ocr_line' id='line_1_2' title="bbox 173 697 1103 807; baseline 0 -1"><span class='ocrx_word' id='word_1_2' title='bbox 173 697 438 807; x_wconf 89' lang='lat' dir='ltr'>ULIXIS</span> <span class='ocrx_word' id='word_1_3' title='bbox 489 697 589 806; x_wconf 88' lang='grc' dir='ltr'><strong>ΑΙ)</strong></span> <span class='ocrx_word' id='word_1_4' title='bbox 640 697 1103 806; x_wconf 89' lang='lat' dir='ltr'><strong>PENELOPEN</strong></span> 
     </span>
    </p>
   </div>
   <div class='ocr_carea' id='block_1_3' title="bbox 513 929 781 1001">
    <p class='ocr_par' dir='ltr' id='par_1_3' title="bbox 513 929 781 1001">
     <span class='ocr_line' id='line_1_3' title="bbox 513 929 781 1001; baseline 0 -15"><span class='ocrx_word' id='word_1_5' title='bbox 513 929 781 1001; x_wconf 82' lang='lat' dir='ltr'><strong>nnsronsm,</strong></span> 
     </span>
    </p>
   </div>
   <div class='ocr_carea' id='block_1_4' title="bbox 213 1082 1051 1201">
    <p class='ocr_par' dir='ltr' id='par_1_4' title="bbox 213 1082 1051 1201">
     <span class='ocr_line' id='line_1_4' title="bbox 213 1082 1051 1201; baseline 0.001 -1"><span class='ocrx_word' id='word_1_6' title='bbox 213 1082 512 1200; x_wconf 64' lang='lat' dir='ltr'><strong>Androne</strong></span> <span class='ocrx_word' id='word_1_7' title='bbox 549 1115 721 1196; x_wconf 78' lang='lat' dir='ltr'><strong>nono</strong></span> <span class='ocrx_word' id='word_1_8' title='bbox 761 1114 1051 1201; x_wconf 73' lang='lat' dir='ltr'><strong>sterno*</strong></span> 
     </span>
    </p>
   </div>
   <div class='ocr_carea' id='block_1_5' title="bbox 110 1363 1070 1720">
    <p class='ocr_par' dir='ltr' id='par_1_5' title="bbox 110 1363 1070 1720">
     <span class='ocr_line' id='line_1_5' title="bbox 110 1363 1070 1490; baseline -0.002 -24"><span class='ocrx_word' id='word_1_9' title='bbox 110 1363 146 1468; x_wconf 83' lang='lat' dir='ltr'><strong>P</strong></span> <span class='ocrx_word' id='word_1_10' title='bbox 150 1370 338 1490; x_wconf 68' lang='lat' dir='ltr'><strong>ERtULIt&#39;</strong></span> <span class='ocrx_word' id='word_1_11' title='bbox 362 1387 404 1462; x_wconf 89' lang='lat' dir='ltr'><strong>ad</strong></span> <span class='ocrx_word' id='word_1_12' title='bbox 423 1386 581 1460; x_wconf 90' lang='lat' dir='ltr'><strong>miserum</strong></span> <span class='ocrx_word' id='word_1_13' title='bbox 596 1382 730 1458; x_wconf 85' lang='lat' dir='ltr'><strong>taudem</strong></span> <span class='ocrx_word' id='word_1_14' title='bbox 746 1402 804 1460; x_wconf 86' lang='lat' dir='ltr'><strong>tua</strong></span> <span class='ocrx_word' id='word_1_15' title='bbox 819 1415 914 1462; x_wconf 81' lang='lat' dir='ltr'><strong>casus</strong></span> <span class='ocrx_word' id='word_1_16' title='bbox 929 1387 1070 1484; x_wconf 84' lang='lat' dir='ltr'>Ulixen,</span> 
     </span>
     <span class='ocr_line' id='line_1_6' title="bbox 155 1500 821 1606; baseline -0.006 -26"><span class='ocrx_word' id='word_1_17' title='bbox 155 1505 344 1606; x_wconf 84' lang='lat' dir='ltr'><strong>Penelope,</strong></span> <span class='ocrx_word' id='word_1_18' title='bbox 364 1503 487 1584; x_wconf 88' lang='lat' dir='ltr'><strong>chartis</strong></span> <span class='ocrx_word' id='word_1_19' title='bbox 502 1501 603 1576; x_wconf 82' lang='lat' dir='ltr'><strong>verba</strong></span> <span class='ocrx_word' id='word_1_20' title='bbox 615 1517 730 1576; x_wconf 87' lang='lat' dir='ltr'><strong>notata</strong></span> <span class='ocrx_word' id='word_1_21' title='bbox 745 1500 821 1602; x_wconf 91' lang='lat' dir='ltr'><strong>piis.</strong></span> 
     </span>
     <span class='ocr_line' id='line_1_7' title="bbox 111 1619 984 1720; baseline 0.001 -24"><span class='ocrx_word' id='word_1_22' title='bbox 111 1623 243 1718; x_wconf 79' lang='lat' dir='ltr'><strong>Agnovi</strong></span> <span class='ocrx_word' id='word_1_23' title='bbox 259 1649 432 1720; x_wconf 85' lang='lat' dir='ltr'><strong>caramque</strong></span> <span class='ocrx_word' id='word_1_24' title='bbox 445 1646 599 1707; x_wconf 87' lang='lat' dir='ltr'><strong>manum,</strong></span> <span class='ocrx_word' id='word_1_25' title='bbox 617 1645 828 1719; x_wconf 83' lang='lat' dir='ltr'><strong>gemmasque</strong></span> <span class='ocrx_word' id='word_1_26' title='bbox 844 1619 958 1696; x_wconf 88' lang='lat' dir='ltr'><strong>fideles</strong></span> <span class='ocrx_word' id='word_1_27' title='bbox 974 1652 984 1697; x_wconf 75' lang='grc' dir='ltr'><em>τ</em></span> 
     </span>
    </p>
   </div>
   <div class='ocr_carea' id='block_1_6' title="bbox 110 1813 1218 4314">
    <p class='ocr_par' dir='ltr' id='par_1_6' title="bbox 110 1813 1218 4314">
     <span class='ocr_line' id='line_1_8' title="bbox 140 1813 1181 1890; baseline 0.005 -19"><span class='ocrx_word' id='word_1_28' title='bbox 140 1819 153 1848; x_wconf 76' lang='lat'><strong>&#39;‘</strong></span> <span class='ocrx_word' id='word_1_29' title='bbox 177 1816 243 1872; x_wconf 88' lang='lat' dir='ltr'><strong>Fuit</strong></span> <span class='ocrx_word' id='word_1_30' title='bbox 270 1815 368 1869; x_wconf 70' lang='lat' dir='ltr'><strong>Ausus</strong></span> <span class='ocrx_word' id='word_1_31' title='bbox 395 1813 517 1868; x_wconf 70' lang='lat' dir='ltr'><strong>Senneus</strong></span> <span class='ocrx_word' id='word_1_32' title='bbox 543 1819 621 1880; x_wconf 87' lang='lat' dir='ltr'><strong>poeta</strong></span> <span class='ocrx_word' id='word_1_33' title='bbox 669 1814 1181 1890; x_wconf 76' lang='lat' dir='ltr'><strong>constatcuigloriaminventihujuslhe·</strong></span> 
     </span>
     <span class='ocr_line' id='line_1_9' title="bbox 111 1890 1180 1964; baseline 0.002 -13"><span class='ocrx_word' id='word_1_34' title='bbox 111 1895 209 1951; x_wconf 70' lang='lat' dir='ltr'><strong>Ouidio</strong></span> <span class='ocrx_word' id='word_1_35' title='bbox 217 1893 337 1964; x_wconf 75' lang='lat' dir='ltr'><strong>aequalis,</strong></span> <span class='ocrx_word' id='word_1_36' title='bbox 347 1890 621 1960; x_wconf 81' lang='lat' dir='ltr'><strong>neoiudignusquern</strong></span> <span class='ocrx_word' id='word_1_37' title='bbox 669 1896 743 1942; x_wconf 79' lang='lat' dir='ltr'><strong>saun&#39;</strong></span> <span class='ocrx_word' id='word_1_38' title='bbox 750 1890 899 1946; x_wconf 84' lang='lat' dir='ltr'><strong>debeamus.</strong></span> <span class='ocrx_word' id='word_1_39' title='bbox 915 1893 1039 1964; x_wconf 88' lang='lat' dir='ltr'><strong>Suspicor</strong></span> <span class='ocrx_word' id='word_1_40' title='bbox 1048 1907 1138 1953; x_wconf 79' lang='lat' dir='ltr'><strong>temeri</strong></span> <span class='ocrx_word' id='word_1_41' title='bbox 1153 1902 1180 1953; x_wconf 93' lang='lat' dir='ltr'><strong>id</strong></span> 
     </span>
     <span class='ocr_line' id='line_1_10' title="bbox 110 1967 1182 2046; baseline 0.001 -17"><span class='ocrx_word' id='word_1_42' title='bbox 110 1975 228 2028; x_wconf 84' lang='lat' dir='ltr'><strong>laudaret</strong></span> <span class='ocrx_word' id='word_1_43' title='bbox 236 1983 341 2038; x_wconf 87' lang='lat' dir='ltr'><strong>noster,</strong></span> <span class='ocrx_word' id='word_1_44' title='bbox 350 1982 377 2024; x_wconf 89' lang='lat' dir='ltr'><strong>et</strong></span> <span class='ocrx_word' id='word_1_45' title='bbox 385 1972 526 2023; x_wconf 80' lang='lat' dir='ltr'><strong>immatura</strong></span> <span class='ocrx_word' id='word_1_46' title='bbox 534 1979 621 2020; x_wconf 86' lang='lat' dir='ltr'><strong>morte</strong></span> <span class='ocrx_word' id='word_1_47' title='bbox 670 1967 815 2037; x_wconf 78' lang='lat' dir='ltr'><strong>exemplat,</strong></span> <span class='ocrx_word' id='word_1_48' title='bbox 827 1971 898 2038; x_wconf 91' lang='lat' dir='ltr'><strong>quod</strong></span> <span class='ocrx_word' id='word_1_49' title='bbox 917 1975 1056 2044; x_wconf 63' lang='lat' dir='ltr'><strong>Cydippen,</strong></span> <span class='ocrx_word' id='word_1_50' title='bbox 1070 1995 1100 2029; x_wconf 82' lang='lat' dir='ltr'><strong>ac</strong></span> <span class='ocrx_word' id='word_1_51' title='bbox 1115 1979 1182 2046; x_wconf 75' lang='lat' dir='ltr'><strong>Sap-</strong></span> 
     </span>
     <span class='ocr_line' id='line_1_11' title="bbox 111 2043 1182 2121; baseline 0.004 -17"><span class='ocrx_word' id='word_1_52' title='bbox 111 2053 259 2106; x_wconf 83' lang='lat' dir='ltr'><strong>litterarum</strong></span> <span class='ocrx_word' id='word_1_53' title='bbox 264 2049 355 2104; x_wconf 88' lang='lat' dir='ltr'><strong>studiis</strong></span> <span class='ocrx_word' id='word_1_54' title='bbox 360 2043 622 2118; x_wconf 78' lang='lat' dir='ltr'><strong>praereptumdeside·</strong></span> <span class='ocrx_word' id='word_1_55' title='bbox 665 2049 733 2112; x_wconf 84' lang='lat' dir='ltr'><strong>phus</strong></span> <span class='ocrx_word' id='word_1_56' title='bbox 743 2045 878 2116; x_wconf 82' lang='lat' dir='ltr'><strong>epistolam</strong></span> <span class='ocrx_word' id='word_1_57' title='bbox 892 2049 1023 2121; x_wconf 82' lang='lat' dir='ltr'><strong>integram</strong></span> <span class='ocrx_word' id='word_1_58' title='bbox 1033 2054 1107 2107; x_wconf 84' lang='lat' dir='ltr'><strong>nobis</strong></span> <span class='ocrx_word' id='word_1_59' title='bbox 1119 2076 1182 2108; x_wconf 87' lang='lat' dir='ltr'><strong>ser-</strong></span> 
     </span>
     <span class='ocr_line' id='line_1_12' title="bbox 110 2123 1218 2198; baseline 0.004 -16"><span class='ocrx_word' id='word_1_60' title='bbox 110 2141 178 2184; x_wconf 79' lang='lat' dir='ltr'><strong>raret</strong></span> <span class='ocrx_word' id='word_1_61' title='bbox 192 2125 459 2198; x_wconf 75' lang='lat' dir='ltr'><strong>(DePont.1v,Eleg.</strong></span> <span class='ocrx_word' id='word_1_62' title='bbox 472 2123 622 2192; x_wconf 74' lang='lat' dir='ltr'><strong>15).Scrip-</strong></span> <span class='ocrx_word' id='word_1_63' title='bbox 669 2125 756 2191; x_wconf 81' lang='lat' dir='ltr'><strong>vavit,</strong></span> <span class='ocrx_word' id='word_1_64' title='bbox 769 2133 796 2178; x_wconf 90' lang='lat' dir='ltr'><strong>et</strong></span> <span class='ocrx_word' id='word_1_65' title='bbox 806 2129 910 2179; x_wconf 78' lang='lat' dir='ltr'><strong>Paniir&#39;s</strong></span> <span class='ocrx_word' id='word_1_66' title='bbox 924 2129 1083 2197; x_wconf 87' lang='lat' dir='ltr'><strong>auctiorem,</strong></span> <span class='ocrx_word' id='word_1_67' title='bbox 1093 2134 1188 2186; x_wconf 78' lang='lat' dir='ltr'><strong>usibus·</strong></span> <span class='ocrx_word' id='word_1_68' title='bbox 1217 2191 1218 2194; x_wconf 8' lang='grc' dir='ltr'><strong>Ἴ</strong></span> 
     </span>
     <span class='ocr_line' id='line_1_13' title="bbox 110 2200 1181 2274; baseline 0.003 -13"><span class='ocrx_word' id='word_1_69' title='bbox 110 2219 194 2273; x_wconf 81' lang='lat' dir='ltr'><strong>serat,</strong></span> <span class='ocrx_word' id='word_1_70' title='bbox 217 2217 248 2258; x_wconf 90' lang='lat' dir='ltr'><strong>nt</strong></span> <span class='ocrx_word' id='word_1_71' title='bbox 273 2225 303 2258; x_wconf 83' lang='lat' dir='ltr'><strong>ex</strong></span> <span class='ocrx_word' id='word_1_72' title='bbox 327 2204 383 2273; x_wconf 84' lang='lat' dir='ltr'><strong>ipso</strong></span> <span class='ocrx_word' id='word_1_73' title='bbox 405 2212 477 2272; x_wconf 88' lang='lat' dir='ltr'><strong>patet</strong></span> <span class='ocrx_word' id='word_1_74' title='bbox 495 2202 620 2270; x_wconf 75' lang='lat' dir='ltr'><strong>Nasone,</strong></span> <span class='ocrx_word' id='word_1_75' title='bbox 662 2200 712 2261; x_wconf 78' lang='lat' dir='ltr'><strong>,bic</strong></span> <span class='ocrx_word' id='word_1_76' title='bbox 724 2203 803 2256; x_wconf 83' lang='lat' dir='ltr'><strong>etiam</strong></span> <span class='ocrx_word' id='word_1_77' title='bbox 813 2203 921 2274; x_wconf 85' lang='lat' dir='ltr'><strong>publicis</strong></span> <span class='ocrx_word' id='word_1_78' title='bbox 932 2207 1098 2262; x_wconf 82' lang='lat' dir='ltr'><strong>cousuluisse.</strong></span> <span class='ocrx_word' id='word_1_79' title='bbox 1111 2211 1181 2264; x_wconf 89' lang='lat' dir='ltr'><strong>Eus-</strong></span> 
     </span>
     <span class='ocr_line' id='line_1_14' title="bbox 112 2277 1181 2353; baseline 0.004 -15"><span class='ocrx_word' id='word_1_80' title='bbox 112 2287 209 2352; x_wconf 82' lang='lat' dir='ltr'><strong>(Amor.</strong></span> <span class='ocrx_word' id='word_1_81' title='bbox 218 2302 251 2350; x_wconf 89' lang='lat'><strong>11,</strong></span> <span class='ocrx_word' id='word_1_82' title='bbox 260 2281 332 2353; x_wconf 81' lang='lat' dir='ltr'><strong>Eleg.</strong></span> <span class='ocrx_word' id='word_1_83' title='bbox 345 2281 403 2347; x_wconf 83' lang='lat'><strong>18,)</strong></span> <span class='ocrx_word' id='word_1_84' title='bbox 414 2277 532 2350; x_wconf 79' lang='lat' dir='ltr'><strong>epistolas</strong></span> <span class='ocrx_word' id='word_1_85' title='bbox 539 2279 622 2333; x_wconf 81' lang='lat' dir='ltr'>Ulixis</span> <span class='ocrx_word' id='word_1_86' title='bbox 636 2335 637 2338; x_wconf 64' lang='grc'>,</span> <span class='ocrx_word' id='word_1_87' title='bbox 670 2279 767 2333; x_wconf 84' lang='lat' dir='ltr'><strong>tathius</strong></span> <span class='ocrx_word' id='word_1_88' title='bbox 779 2281 887 2350; x_wconf 88' lang='lat' dir='ltr'><strong>quidem</strong></span> <span class='ocrx_word' id='word_1_89' title='bbox 899 2283 1059 2352; x_wconf 85' lang='lat' dir='ltr'><strong>Swarthius,</strong></span> <span class='ocrx_word' id='word_1_90' title='bbox 1070 2288 1098 2339; x_wconf 93' lang='lat' dir='ltr'><strong>in</strong></span> <span class='ocrx_word' id='word_1_91' title='bbox 1110 2289 1181 2342; x_wconf 84' lang='lat' dir='ltr'><strong>Ana·</strong></span> 
     </span>
     <span class='ocr_line' id='line_1_15' title="bbox 111 2356 1181 2432; baseline 0.003 -17"><span class='ocrx_word' id='word_1_92' title='bbox 111 2363 142 2415; x_wconf 87' lang='lat' dir='ltr'><strong>ad</strong></span> <span class='ocrx_word' id='word_1_93' title='bbox 156 2361 328 2430; x_wconf 80' lang='lat' dir='ltr'><strong>Penelopen,</strong></span> <span class='ocrx_word' id='word_1_94' title='bbox 343 2358 481 2430; x_wconf 76' lang='lat' dir='ltr'><strong>Hippolyti</strong></span> <span class='ocrx_word' id='word_1_95' title='bbox 497 2357 527 2410; x_wconf 85' lang='lat' dir='ltr'><strong>ad</strong></span> <span class='ocrx_word' id='word_1_96' title='bbox 544 2356 622 2410; x_wconf 75' lang='lat' dir='ltr'><strong>Phe-</strong></span> <span class='ocrx_word' id='word_1_97' title='bbox 670 2357 742 2411; x_wconf 86' lang='lat' dir='ltr'><strong>lectis</strong></span> <span class='ocrx_word' id='word_1_98' title='bbox 757 2359 799 2414; x_wconf 84' lang='lat' dir='ltr'><strong>lib.</strong></span> <span class='ocrx_word' id='word_1_99' title='bbox 812 2381 842 2428; x_wconf 86' lang='lat'><strong>1,</strong></span> <span class='ocrx_word' id='word_1_100' title='bbox 856 2381 877 2414; x_wconf 85' lang='lat' dir='ltr'><strong>c.</strong></span> <span class='ocrx_word' id='word_1_101' title='bbox 887 2381 901 2413; x_wconf 84' lang='lat'><em>2</em></span> <span class='ocrx_word' id='word_1_102' title='bbox 913 2401 920 2428; x_wconf 91' lang='lat'><strong>,</strong></span> <span class='ocrx_word' id='word_1_103' title='bbox 933 2363 1065 2432; x_wconf 83' lang='lat' dir='ltr'><strong>exemplar</strong></span> <span class='ocrx_word' id='word_1_104' title='bbox 1075 2365 1181 2418; x_wconf 68' lang='lat' dir='ltr'><strong>&#39;calamo</strong></span> 
     </span>
     <span class='ocr_line' id='line_1_16' title="bbox 111 2435 1181 2508; baseline 0.005 -16"><span class='ocrx_word' id='word_1_105' title='bbox 111 2440 200 2508; x_wconf 81' lang='lat' dir='ltr'><strong>drem,</strong></span> <span class='ocrx_word' id='word_1_106' title='bbox 213 2439 307 2492; x_wconf 82' lang='lat' dir='ltr'><strong>AEueae</strong></span> <span class='ocrx_word' id='word_1_107' title='bbox 317 2437 350 2488; x_wconf 89' lang='lat' dir='ltr'><strong>ad</strong></span> <span class='ocrx_word' id='word_1_108' title='bbox 359 2435 507 2501; x_wconf 88' lang='lat' dir='ltr'><strong>Didonem,</strong></span> <span class='ocrx_word' id='word_1_109' title='bbox 518 2435 622 2487; x_wconf 87' lang='lat' dir='ltr'><strong>Demo-</strong></span> <span class='ocrx_word' id='word_1_110' title='bbox 671 2435 830 2508; x_wconf 83' lang='lat' dir='ltr'><strong>descriptum</strong></span> <span class='ocrx_word' id='word_1_111' title='bbox 848 2439 1017 2508; x_wconf 87' lang='lat' dir='ltr'><strong>epistolarum</strong></span> <span class='ocrx_word' id='word_1_112' title='bbox 1037 2443 1128 2496; x_wconf 87' lang='lat' dir='ltr'><strong>Sabini</strong></span> <span class='ocrx_word' id='word_1_113' title='bbox 1148 2444 1181 2497; x_wconf 91' lang='lat' dir='ltr'><strong>ad</strong></span> 
     </span>
     <span class='ocr_line' id='line_1_17' title="bbox 111 2511 1183 2592; baseline 0.002 -20"><span class='ocrx_word' id='word_1_114' title='bbox 111 2518 241 2587; x_wconf 71' lang='lat' dir='ltr'><strong>phoontis.</strong></span> <span class='ocrx_word' id='word_1_115' title='bbox 249 2515 281 2570; x_wconf 90' lang='lat' dir='ltr'><strong>ad</strong></span> <span class='ocrx_word' id='word_1_116' title='bbox 299 2513 439 2586; x_wconf 87' lang='lat' dir='ltr'><strong>Phylliden</strong></span> <span class='ocrx_word' id='word_1_117' title='bbox 449 2553 456 2580; x_wconf 97' lang='lat'><strong>,</strong></span> <span class='ocrx_word' id='word_1_118' title='bbox 468 2512 572 2566; x_wconf 87' lang='lat' dir='ltr'><strong>Jasonis</strong></span> <span class='ocrx_word' id='word_1_119' title='bbox 588 2511 622 2564; x_wconf 89' lang='lat' dir='ltr'><strong>ad</strong></span> <span class='ocrx_word' id='word_1_120' title='bbox 671 2525 756 2583; x_wconf 87' lang='lat' dir='ltr'><strong>partes</strong></span> <span class='ocrx_word' id='word_1_121' title='bbox 766 2517 901 2570; x_wconf 85' lang='lat' dir='ltr'><strong>interdum</strong></span> <span class='ocrx_word' id='word_1_122' title='bbox 910 2530 998 2586; x_wconf 79' lang='lat' dir='ltr'><strong>vocat,</strong></span> <span class='ocrx_word' id='word_1_123' title='bbox 1007 2520 1079 2588; x_wconf 89' lang='lat' dir='ltr'><strong>quod</strong></span> <span class='ocrx_word' id='word_1_124' title='bbox 1088 2521 1183 2592; x_wconf 80' lang='lat' dir='ltr'><strong>Caspe·</strong></span> 
     </span>
     <span class='ocr_line' id='line_1_18' title="bbox 112 2590 1183 2670; baseline 0.006 -20"><span class='ocrx_word' id='word_1_125' title='bbox 112 2595 285 2668; x_wconf 86' lang='lat' dir='ltr'><strong>Hypsipylen.</strong></span> <span class='ocrx_word' id='word_1_126' title='bbox 302 2593 408 2646; x_wconf 84' lang='lat' dir='ltr'><strong>Harum</strong></span> <span class='ocrx_word' id='word_1_127' title='bbox 425 2611 488 2644; x_wconf 88' lang='lat' dir='ltr'><strong>vero</strong></span> <span class='ocrx_word' id='word_1_128' title='bbox 498 2591 621 2645; x_wconf 87' lang='lat' dir='ltr'><strong>omnium</strong></span> <span class='ocrx_word' id='word_1_129' title='bbox 670 2590 705 2645; x_wconf 86' lang='lat' dir='ltr'><strong>ris</strong></span> <span class='ocrx_word' id='word_1_130' title='bbox 717 2593 818 2648; x_wconf 90' lang='lat' dir='ltr'><strong>Barthii</strong></span> <span class='ocrx_word' id='word_1_131' title='bbox 832 2597 928 2660; x_wconf 89' lang='lat' dir='ltr'><strong>suerit;</strong></span> <span class='ocrx_word' id='word_1_132' title='bbox 944 2598 1115 2668; x_wconf 81' lang='lat' dir='ltr'><strong>ejusdemque</strong></span> <span class='ocrx_word' id='word_1_133' title='bbox 1128 2602 1183 2670; x_wconf 85' lang='lat' dir='ltr'><strong>ipse</strong></span> 
     </span>
     <span class='ocr_line' id='line_1_19' title="bbox 111 2668 1183 2732; baseline 0.004 -4"><span class='ocrx_word' id='word_1_134' title='bbox 111 2668 621 2728; x_wconf 83' lang='lat' dir='ltr'><strong>exstareomninonullamassirmatGer.</strong></span> <span class='ocrx_word' id='word_1_135' title='bbox 671 2669 1183 2732; x_wconf 68' lang='lat' dir='ltr'><strong>BarthiusinAdversan&#39;issuhindemen·</strong></span> 
     </span>
     <span class='ocr_line' id='line_1_20' title="bbox 111 2746 1185 2822; baseline 0.004 -16"><span class='ocrx_word' id='word_1_136' title='bbox 111 2750 296 2806; x_wconf 72' lang='lat' dir='ltr'><strong>Jonvossius.</strong></span> <span class='ocrx_word' id='word_1_137' title='bbox 307 2747 539 2816; x_wconf 86' lang='lat' dir='ltr'><strong>«Sci0,inquitvir</strong></span> <span class='ocrx_word' id='word_1_138' title='bbox 548 2746 623 2798; x_wconf 89' lang='lat' dir='ltr'><strong>omui</strong></span> <span class='ocrx_word' id='word_1_139' title='bbox 671 2748 772 2802; x_wconf 86' lang='lat' dir='ltr'><strong>tionem</strong></span> <span class='ocrx_word' id='word_1_140' title='bbox 784 2751 852 2804; x_wconf 78' lang='lat' dir='ltr'><strong>facit.</strong></span> <span class='ocrx_word' id='word_1_141' title='bbox 867 2752 920 2804; x_wconf 88' lang='lat' dir='ltr'><strong>Sed</strong></span> <span class='ocrx_word' id='word_1_142' title='bbox 938 2771 1021 2822; x_wconf 88' lang='lat' dir='ltr'><strong>quum</strong></span> <span class='ocrx_word' id='word_1_143' title='bbox 1032 2765 1059 2808; x_wconf 89' lang='lat' dir='ltr'><strong>et</strong></span> <span class='ocrx_word' id='word_1_144' title='bbox 1073 2755 1144 2810; x_wconf 87' lang='lat' dir='ltr'><strong>huno</strong></span> <span class='ocrx_word' id='word_1_145' title='bbox 1156 2768 1185 2810; x_wconf 82' lang='lat' dir='ltr'><strong>et</strong></span> 
     </span>
     <span class='ocr_line' id='line_1_21' title="bbox 112 2825 1184 2902; baseline 0.004 -20"><span class='ocrx_word' id='word_1_146' title='bbox 112 2829 294 2884; x_wconf 80' lang='lat' dir='ltr'><strong>doctrinarum</strong></span> <span class='ocrx_word' id='word_1_147' title='bbox 309 2825 385 2880; x_wconf 87' lang='lat' dir='ltr'><strong>laude</strong></span> <span class='ocrx_word' id='word_1_148' title='bbox 398 2825 480 2880; x_wconf 84' lang='lat' dir='ltr'><strong>clarus</strong></span> <span class='ocrx_word' id='word_1_149' title='bbox 490 2865 498 2894; x_wconf 87' lang='lat'><strong>,</strong></span> <span class='ocrx_word' id='word_1_150' title='bbox 510 2825 557 2880; x_wconf 79' lang='lat' dir='ltr'><strong>suh</strong></span> <span class='ocrx_word' id='word_1_151' title='bbox 570 2844 623 2880; x_wconf 85' lang='lat' dir='ltr'><strong>no-</strong></span> <span class='ocrx_word' id='word_1_152' title='bbox 670 2825 760 2894; x_wconf 85' lang='lat' dir='ltr'><strong>illum,</strong></span> <span class='ocrx_word' id='word_1_153' title='bbox 772 2826 837 2880; x_wconf 87' lang='lat' dir='ltr'><strong>dum</strong></span> <span class='ocrx_word' id='word_1_154' title='bbox 844 2829 872 2880; x_wconf 89' lang='lat' dir='ltr'><strong>iu</strong></span> <span class='ocrx_word' id='word_1_155' title='bbox 881 2830 943 2883; x_wconf 83' lang='lat' dir='ltr'><strong>vivis</strong></span> <span class='ocrx_word' id='word_1_156' title='bbox 951 2843 1052 2898; x_wconf 82' lang='lat' dir='ltr'><strong>essent,</strong></span> <span class='ocrx_word' id='word_1_157' title='bbox 1062 2852 1110 2902; x_wconf 92' lang='lat' dir='ltr'><strong>per</strong></span> <span class='ocrx_word' id='word_1_158' title='bbox 1116 2835 1184 2886; x_wconf 84' lang='lat' dir='ltr'><strong>ami-</strong></span> 
     </span>
     <span class='ocr_line' id='line_1_22' title="bbox 111 2905 1184 2975; baseline 0.003 -12"><span class='ocrx_word' id='word_1_159' title='bbox 111 2909 181 2962; x_wconf 85' lang='lat' dir='ltr'><strong>miue</strong></span> <span class='ocrx_word' id='word_1_160' title='bbox 196 2905 292 2962; x_wconf 85' lang='lat' dir='ltr'><strong>Sabini</strong></span> <span class='ocrx_word' id='word_1_161' title='bbox 306 2905 356 2974; x_wconf 81' lang='lat' dir='ltr'><strong>legi</strong></span> <span class='ocrx_word' id='word_1_162' title='bbox 368 2915 472 2969; x_wconf 88' lang='lat' dir='ltr'><strong>teruas;</strong></span> <span class='ocrx_word' id='word_1_163' title='bbox 495 2905 627 2956; x_wconf 73' lang='lat' dir='ltr'><strong>Ult‘xisad</strong></span> <span class='ocrx_word' id='word_1_164' title='bbox 670 2923 714 2956; x_wconf 86' lang='lat' dir='ltr'><strong>cos</strong></span> <span class='ocrx_word' id='word_1_165' title='bbox 733 2905 866 2975; x_wconf 75' lang='lat' dir='ltr'><strong>rogmim,</strong></span> <span class='ocrx_word' id='word_1_166' title='bbox 884 2917 913 2959; x_wconf 89' lang='lat' dir='ltr'><strong>ut</strong></span> <span class='ocrx_word' id='word_1_167' title='bbox 933 2927 1011 2960; x_wconf 89' lang='lat' dir='ltr'><strong>usum</strong></span> <span class='ocrx_word' id='word_1_168' title='bbox 1029 2910 1102 2964; x_wconf 84' lang='lat' dir='ltr'><strong>istius</strong></span> <span class='ocrx_word' id='word_1_169' title='bbox 1124 2913 1184 2966; x_wconf 85' lang='lat' dir='ltr'><strong>libri</strong></span> 
     </span>
     <span class='ocr_line' id='line_1_23' title="bbox 112 2981 1182 3060; baseline 0.007 -23"><span class='ocrx_word' id='word_1_170' title='bbox 112 2989 258 3054; x_wconf 77' lang='lat' dir='ltr'><strong>Penelopea</strong></span> <span class='ocrx_word' id='word_1_171' title='bbox 269 3026 276 3048; x_wconf 90' lang='lat'><strong>,</strong></span> <span class='ocrx_word' id='word_1_172' title='bbox 287 2985 486 3050; x_wconf 73' lang='lat' dir='ltr'><strong>Demophoontis</strong></span> <span class='ocrx_word' id='word_1_173' title='bbox 495 2985 534 3034; x_wconf 87' lang='lat' dir='ltr'><strong>ad</strong></span> <span class='ocrx_word' id='word_1_174' title='bbox 541 2985 624 3054; x_wconf 83' lang='lat' dir='ltr'><strong>Phyl-</strong></span> <span class='ocrx_word' id='word_1_175' title='bbox 671 2981 736 3034; x_wconf 87' lang='lat' dir='ltr'><strong>mihi</strong></span> <span class='ocrx_word' id='word_1_176' title='bbox 748 2995 917 3052; x_wconf 64' lang='lat' dir='ltr'><strong>prenderent,</strong></span> <span class='ocrx_word' id='word_1_177' title='bbox 930 2996 1008 3060; x_wconf 84' lang='lat' dir='ltr'><strong>atque</strong></span> <span class='ocrx_word' id='word_1_178' title='bbox 1018 2987 1085 3041; x_wconf 86' lang='lat' dir='ltr'><strong>alter</strong></span> <span class='ocrx_word' id='word_1_179' title='bbox 1095 3008 1138 3044; x_wconf 89' lang='lat' dir='ltr'><strong>me</strong></span> <span class='ocrx_word' id='word_1_180' title='bbox 1149 2991 1182 3043; x_wconf 92' lang='lat' dir='ltr'><strong>ad</strong></span> 
     </span>
     <span class='ocr_line' id='line_1_24' title="bbox 110 3059 1182 3132; baseline 0.006 -15"><span class='ocrx_word' id='word_1_181' title='bbox 110 3068 193 3130; x_wconf 68' lang='lat' dir='ltr'><strong>linea,</strong></span> <span class='ocrx_word' id='word_1_182' title='bbox 208 3074 238 3117; x_wconf 88' lang='lat' dir='ltr'><strong>et</strong></span> <span class='ocrx_word' id='word_1_183' title='bbox 256 3063 360 3116; x_wconf 66' lang='lat' dir='ltr'><strong>Paridis</strong></span> <span class='ocrx_word' id='word_1_184' title='bbox 376 3063 414 3113; x_wconf 85' lang='lat' dir='ltr'><strong>ad</strong></span> <span class='ocrx_word' id='word_1_185' title='bbox 427 3061 549 3113; x_wconf 81' lang='lat' dir='ltr'><strong>OEnoaen.</strong></span> <span class='ocrx_word' id='word_1_186' title='bbox 568 3059 623 3112; x_wconf 86' lang='lat' dir='ltr'><strong>Sed</strong></span> <span class='ocrx_word' id='word_1_187' title='bbox 672 3059 784 3114; x_wconf 86' lang='lat' dir='ltr'><strong>alterum</strong></span> <span class='ocrx_word' id='word_1_188' title='bbox 809 3061 951 3132; x_wconf 81' lang='lat' dir='ltr'><strong>ablegarit,</strong></span> <span class='ocrx_word' id='word_1_189' title='bbox 972 3064 1046 3118; x_wconf 83' lang='lat' dir='ltr'><strong>facile</strong></span> <span class='ocrx_word' id='word_1_190' title='bbox 1067 3066 1182 3123; x_wconf 83' lang='lat' dir='ltr'><strong>intellexi</strong></span> 
     </span>
     <span class='ocr_line' id='line_1_25' title="bbox 110 3138 1183 3212; baseline 0.004 -18"><span class='ocrx_word' id='word_1_191' title='bbox 110 3141 229 3212; x_wconf 76' lang='lat' dir='ltr'><strong>indignae</strong></span> <span class='ocrx_word' id='word_1_192' title='bbox 239 3159 345 3211; x_wconf 90' lang='lat' dir='ltr'><strong>prorsus</strong></span> <span class='ocrx_word' id='word_1_193' title='bbox 357 3139 473 3206; x_wconf 88' lang='lat' dir='ltr'><strong>Sabino,</strong></span> <span class='ocrx_word' id='word_1_194' title='bbox 484 3139 526 3192; x_wconf 88' lang='lat' dir='ltr'><strong>vel</strong></span> <span class='ocrx_word' id='word_1_195' title='bbox 536 3138 623 3208; x_wconf 85' lang='lat' dir='ltr'><strong>aliquo</strong></span> <span class='ocrx_word' id='word_1_196' title='bbox 671 3158 767 3192; x_wconf 80' lang='lat' dir='ltr'><strong>vanam</strong></span> <span class='ocrx_word' id='word_1_197' title='bbox 778 3160 792 3192; x_wconf 88' lang='lat' dir='ltr'><strong>a</strong></span> <span class='ocrx_word' id='word_1_198' title='bbox 803 3159 846 3192; x_wconf 87' lang='lat' dir='ltr'><strong>me</strong></span> <span class='ocrx_word' id='word_1_199' title='bbox 857 3160 932 3208; x_wconf 85' lang='lat' dir='ltr'><strong>spem</strong></span> <span class='ocrx_word' id='word_1_200' title='bbox 943 3141 1026 3196; x_wconf 82' lang='lat' dir='ltr'><strong>foveri</strong></span> <span class='ocrx_word' id='word_1_201' title='bbox 1036 3164 1043 3204; x_wconf 86' lang='lat'><strong>;</strong></span> <span class='ocrx_word' id='word_1_202' title='bbox 1054 3163 1103 3198; x_wconf 87' lang='lat' dir='ltr'><strong>nee</strong></span> <span class='ocrx_word' id='word_1_203' title='bbox 1114 3147 1183 3200; x_wconf 87' lang='lat' dir='ltr'><strong>tanti</strong></span> 
     </span>
     <span class='ocr_line' id='line_1_26' title="bbox 112 3216 1184 3290; baseline 0.006 -20"><span class='ocrx_word' id='word_1_204' title='bbox 112 3217 176 3272; x_wconf 89' lang='lat' dir='ltr'><strong>illius</strong></span> <span class='ocrx_word' id='word_1_205' title='bbox 196 3217 326 3288; x_wconf 89' lang='lat' dir='ltr'><strong>temporis</strong></span> <span class='ocrx_word' id='word_1_206' title='bbox 345 3227 438 3286; x_wconf 87' lang='lat' dir='ltr'><strong>poeta:</strong></span> <span class='ocrx_word' id='word_1_207' title='bbox 454 3216 519 3284; x_wconf 89' lang='lat' dir='ltr'><strong>quin</strong></span> <span class='ocrx_word' id='word_1_208' title='bbox 535 3235 623 3285; x_wconf 90' lang='lat' dir='ltr'><strong>neque</strong></span> <span class='ocrx_word' id='word_1_209' title='bbox 671 3235 733 3272; x_wconf 81' lang='lat' dir='ltr'><strong>sane</strong></span> <span class='ocrx_word' id='word_1_210' title='bbox 741 3226 817 3284; x_wconf 88' lang='lat' dir='ltr'><strong>sunt,</strong></span> <span class='ocrx_word' id='word_1_211' title='bbox 829 3237 886 3286; x_wconf 71' lang='lat' dir='ltr'><strong>quaej</strong></span> <span class='ocrx_word' id='word_1_212' title='bbox 896 3238 927 3270; x_wconf 85' lang='lat' dir='ltr'><strong>ex</strong></span> <span class='ocrx_word' id='word_1_213' title='bbox 935 3219 989 3287; x_wconf 86' lang='lat' dir='ltr'><strong>itto,</strong></span> <span class='ocrx_word' id='word_1_214' title='bbox 999 3220 1020 3273; x_wconf 87' lang='lat' dir='ltr'><strong>si</strong></span> <span class='ocrx_word' id='word_1_215' title='bbox 1029 3220 1077 3274; x_wconf 92' lang='lat' dir='ltr'><strong>Dis</strong></span> <span class='ocrx_word' id='word_1_216' title='bbox 1085 3222 1184 3290; x_wconf 85' lang='lat' dir='ltr'><strong>placet,</strong></span> 
     </span>
     <span class='ocr_line' id='line_1_27' title="bbox 112 3294 1183 3367; baseline 0.006 -19"><span class='ocrx_word' id='word_1_217' title='bbox 112 3309 202 3352; x_wconf 85' lang='lat' dir='ltr'><strong>nostro</strong></span> <span class='ocrx_word' id='word_1_218' title='bbox 221 3299 242 3352; x_wconf 86' lang='lat' dir='ltr'><strong>si</strong></span> <span class='ocrx_word' id='word_1_219' title='bbox 257 3316 313 3352; x_wconf 77' lang='lat' dir='ltr'><strong>aevo</strong></span> <span class='ocrx_word' id='word_1_220' title='bbox 325 3295 426 3364; x_wconf 82' lang='lat' dir='ltr'><strong>scriptae</strong></span> <span class='ocrx_word' id='word_1_221' title='bbox 437 3295 541 3362; x_wconf 78' lang='lat' dir='ltr'><strong>forent,</strong></span> <span class='ocrx_word' id='word_1_222' title='bbox 553 3294 624 3348; x_wconf 82' lang='lat' dir='ltr'><strong>mul·</strong></span> <span class='ocrx_word' id='word_1_223' title='bbox 671 3304 773 3347; x_wconf 85' lang='lat' dir='ltr'><strong>vetusto</strong></span> <span class='ocrx_word' id='word_1_224' title='bbox 785 3294 872 3348; x_wconf 90' lang='lat' dir='ltr'><strong>codice</strong></span> <span class='ocrx_word' id='word_1_225' title='bbox 884 3296 915 3348; x_wconf 90' lang='lat' dir='ltr'><strong>ab</strong></span> <span class='ocrx_word' id='word_1_226' title='bbox 926 3296 957 3348; x_wconf 89' lang='lat' dir='ltr'><strong>iis</strong></span> <span class='ocrx_word' id='word_1_227' title='bbox 968 3309 1142 3367; x_wconf 89' lang='lat' dir='ltr'><strong>promuntur,</strong></span> <span class='ocrx_word' id='word_1_228' title='bbox 1152 3313 1183 3354; x_wconf 91' lang='lat' dir='ltr'><strong>ut</strong></span> 
     </span>
     <span class='ocr_line' id='line_1_28' title="bbox 112 3367 1195 3443; baseline 0.005 -17"><span class='ocrx_word' id='word_1_229' title='bbox 112 3384 169 3428; x_wconf 88' lang='lat' dir='ltr'><strong>turn</strong></span> <span class='ocrx_word' id='word_1_230' title='bbox 176 3375 262 3430; x_wconf 86' lang='lat' dir='ltr'><strong>laudis</strong></span> <span class='ocrx_word' id='word_1_231' title='bbox 270 3383 439 3429; x_wconf 88' lang='lat' dir='ltr'><strong>mererentur</strong></span> <span class='ocrx_word' id='word_1_232' title='bbox 449 3395 471 3424; x_wconf 85' lang='lat'><strong>».</strong></span> <span class='ocrx_word' id='word_1_233' title='bbox 483 3373 549 3426; x_wconf 83' lang='lat' dir='ltr'><strong>Haec</strong></span> <span class='ocrx_word' id='word_1_234' title='bbox 559 3373 625 3425; x_wconf 84' lang='lat' dir='ltr'><strong>Vos·</strong></span> <span class='ocrx_word' id='word_1_235' title='bbox 671 3371 777 3426; x_wconf 83' lang='lat' dir='ltr'><strong>salivam</strong></span> <span class='ocrx_word' id='word_1_236' title='bbox 783 3373 857 3426; x_wconf 90' lang='lat' dir='ltr'><strong>nobis</strong></span> <span class='ocrx_word' id='word_1_237' title='bbox 866 3372 898 3426; x_wconf 92' lang='lat' dir='ltr'><strong>de</strong></span> <span class='ocrx_word' id='word_1_238' title='bbox 905 3373 960 3443; x_wconf 78' lang='lat' dir='ltr'><strong>ipso</strong></span> <span class='ocrx_word' id='word_1_239' title='bbox 966 3367 1195 3430; x_wconf 81' lang='lat' dir='ltr'><strong>libroevolvendo</strong></span> 
     </span>
     <span class='ocr_line' id='line_1_29' title="bbox 111 3448 1185 3523; baseline 0.002 -17"><span class='ocrx_word' id='word_1_240' title='bbox 111 3453 177 3521; x_wconf 85' lang='lat' dir='ltr'><strong>sius,</strong></span> <span class='ocrx_word' id='word_1_241' title='bbox 191 3457 227 3507; x_wconf 84' lang='lat' dir='ltr'><strong>de</strong></span> <span class='ocrx_word' id='word_1_242' title='bbox 237 3456 310 3506; x_wconf 79' lang='lat' dir='ltr'><strong>Poet.</strong></span> <span class='ocrx_word' id='word_1_243' title='bbox 322 3453 380 3502; x_wconf 82' lang='lat' dir='ltr'><strong>Lat.</strong></span> <span class='ocrx_word' id='word_1_244' title='bbox 390 3471 411 3502; x_wconf 87' lang='lat' dir='ltr'><strong>c.</strong></span> <span class='ocrx_word' id='word_1_245' title='bbox 423 3472 446 3502; x_wconf 83' lang='lat'><strong>2.</strong></span> <span class='ocrx_word' id='word_1_246' title='bbox 467 3448 624 3502; x_wconf 81' lang='lat' dir='ltr'><strong>Audiendus</strong></span> <span class='ocrx_word' id='word_1_247' title='bbox 672 3450 782 3504; x_wconf 83' lang='lat' dir='ltr'><strong>excitare</strong></span> <span class='ocrx_word' id='word_1_248' title='bbox 793 3449 913 3503; x_wconf 85' lang='lat' dir='ltr'><strong>debeant.</strong></span> <span class='ocrx_word' id='word_1_249' title='bbox 926 3452 1028 3506; x_wconf 80' lang='lat' dir='ltr'><strong>Primos</strong></span> <span class='ocrx_word' id='word_1_250' title='bbox 1037 3453 1124 3523; x_wconf 86' lang='lat' dir='ltr'><strong>itaque</strong></span> <span class='ocrx_word' id='word_1_251' title='bbox 1135 3456 1185 3510; x_wconf 85' lang='lat' dir='ltr'><strong>ha-</strong></span> 
     </span>
     <span class='ocr_line' id='line_1_30' title="bbox 113 3527 1183 3599; baseline 0.003 -15"><span class='ocrx_word' id='word_1_252' title='bbox 113 3551 184 3586; x_wconf 84' lang='lat' dir='ltr'><strong>nunc</strong></span> <span class='ocrx_word' id='word_1_253' title='bbox 192 3533 236 3586; x_wconf 79' lang='lat' dir='ltr'><strong>vir</strong></span> <span class='ocrx_word' id='word_1_254' title='bbox 244 3550 300 3584; x_wconf 88' lang='lat' dir='ltr'><strong>nou</strong></span> <span class='ocrx_word' id='word_1_255' title='bbox 308 3529 357 3599; x_wconf 87' lang='lat' dir='ltr'><strong>ipsi</strong></span> <span class='ocrx_word' id='word_1_256' title='bbox 366 3528 459 3582; x_wconf 75' lang='lat' dir='ltr'><strong>Vossio</strong></span> <span class='ocrx_word' id='word_1_257' title='bbox 469 3527 498 3579; x_wconf 89' lang='lat' dir='ltr'><strong>in</strong></span> <span class='ocrx_word' id='word_1_258' title='bbox 507 3538 562 3580; x_wconf 86' lang='lat' dir='ltr'><strong>arte</strong></span> <span class='ocrx_word' id='word_1_259' title='bbox 572 3527 625 3580; x_wconf 88' lang='lat' dir='ltr'><strong>eri-</strong></span> <span class='ocrx_word' id='word_1_260' title='bbox 672 3547 734 3580; x_wconf 88' lang='lat' dir='ltr'><strong>rum</strong></span> <span class='ocrx_word' id='word_1_261' title='bbox 744 3528 911 3598; x_wconf 87' lang='lat' dir='ltr'><strong>epistolarum</strong></span> <span class='ocrx_word' id='word_1_262' title='bbox 922 3529 995 3597; x_wconf 86' lang='lat' dir='ltr'><strong>edd,</strong></span> <span class='ocrx_word' id='word_1_263' title='bbox 1006 3532 1116 3585; x_wconf 84' lang='lat' dir='ltr'><strong>alteram</strong></span> <span class='ocrx_word' id='word_1_264' title='bbox 1126 3535 1183 3588; x_wconf 89' lang='lat' dir='ltr'><strong>Ve-</strong></span> 
     </span>
     <span class='ocr_line' id='line_1_31' title="bbox 113 3605 1183 3681; baseline 0.001 -17"><span class='ocrx_word' id='word_1_265' title='bbox 113 3611 160 3666; x_wconf 78' lang='lat' dir='ltr'><strong>tice</strong></span> <span class='ocrx_word' id='word_1_266' title='bbox 176 3610 328 3677; x_wconf 85' lang='lat' dir='ltr'><strong>secundus,</strong></span> <span class='ocrx_word' id='word_1_267' title='bbox 348 3607 404 3663; x_wconf 72' lang='lat' dir='ltr'><strong>Nic„</strong></span> <span class='ocrx_word' id='word_1_268' title='bbox 419 3605 563 3674; x_wconf 82' lang='lat' dir='ltr'><strong>Heinsius,</strong></span> <span class='ocrx_word' id='word_1_269' title='bbox 579 3606 625 3674; x_wconf 89' lang='lat' dir='ltr'><strong>qui</strong></span> <span class='ocrx_word' id='word_1_270' title='bbox 672 3606 765 3673; x_wconf 86' lang='lat' dir='ltr'><strong>netiis,</strong></span> <span class='ocrx_word' id='word_1_271' title='bbox 783 3610 861 3673; x_wconf 75' lang='lat'><strong>1485;</strong></span> <span class='ocrx_word' id='word_1_272' title='bbox 876 3607 985 3661; x_wconf 83' lang='lat' dir='ltr'><strong>alteram</strong></span> <span class='ocrx_word' id='word_1_273' title='bbox 998 3611 1102 3664; x_wconf 82' lang='lat' dir='ltr'><strong>Parmae</strong></span> <span class='ocrx_word' id='word_1_274' title='bbox 1113 3631 1183 3681; x_wconf 89' lang='lat' dir='ltr'><strong>pro-</strong></span> 
     </span>
     <span class='ocr_line' id='line_1_32' title="bbox 113 3685 1183 3760; baseline 0.006 -20"><span class='ocrx_word' id='word_1_275' title='bbox 113 3689 193 3744; x_wconf 83' lang='lat' dir='ltr'><strong>dietas</strong></span> <span class='ocrx_word' id='word_1_276' title='bbox 203 3709 283 3760; x_wconf 87' lang='lat' dir='ltr'><strong>snpra</strong></span> <span class='ocrx_word' id='word_1_277' title='bbox 298 3686 418 3756; x_wconf 81' lang='lat' dir='ltr'><strong>epistolas</strong></span> <span class='ocrx_word' id='word_1_278' title='bbox 435 3704 492 3738; x_wconf 87' lang='lat' dir='ltr'><strong>uon</strong></span> <span class='ocrx_word' id='word_1_279' title='bbox 504 3686 540 3737; x_wconf 88' lang='lat' dir='ltr'><strong>ita</strong></span> <span class='ocrx_word' id='word_1_280' title='bbox 550 3703 625 3754; x_wconf 90' lang='lat' dir='ltr'><strong>sper·</strong></span> <span class='ocrx_word' id='word_1_281' title='bbox 672 3703 775 3752; x_wconf 88' lang='lat' dir='ltr'><strong>cusam,</strong></span> <span class='ocrx_word' id='word_1_282' title='bbox 794 3685 870 3757; x_wconf 72' lang='lat'><strong>1489,</strong></span> <span class='ocrx_word' id='word_1_283' title='bbox 885 3685 1044 3742; x_wconf 83' lang='lat' dir='ltr'><strong>adhibendas</strong></span> <span class='ocrx_word' id='word_1_284' title='bbox 1061 3689 1131 3746; x_wconf 87' lang='lat' dir='ltr'><strong>duxi.</strong></span> <span class='ocrx_word' id='word_1_285' title='bbox 1150 3693 1183 3746; x_wconf 83' lang='lat' dir='ltr'><strong>lu</strong></span> 
     </span>
     <span class='ocr_line' id='line_1_33' title="bbox 113 3762 1185 3839; baseline 0.003 -20"><span class='ocrx_word' id='word_1_286' title='bbox 113 3767 214 3822; x_wconf 80' lang='lat' dir='ltr'><strong>uendas</strong></span> <span class='ocrx_word' id='word_1_287' title='bbox 225 3767 364 3837; x_wconf 85' lang='lat' dir='ltr'><strong>judicavit,</strong></span> <span class='ocrx_word' id='word_1_288' title='bbox 374 3775 403 3817; x_wconf 92' lang='lat' dir='ltr'><strong>ut</strong></span> <span class='ocrx_word' id='word_1_289' title='bbox 413 3783 469 3816; x_wconf 90' lang='lat' dir='ltr'><strong>non</strong></span> <span class='ocrx_word' id='word_1_290' title='bbox 480 3763 548 3817; x_wconf 88' lang='lat' dir='ltr'><strong>curis</strong></span> <span class='ocrx_word' id='word_1_291' title='bbox 558 3762 625 3814; x_wconf 85' lang='lat' dir='ltr'><strong>illus·</strong></span> <span class='ocrx_word' id='word_1_292' title='bbox 672 3763 789 3828; x_wconf 75' lang='lat' dir='ltr'><strong>eaeteris,</strong></span> <span class='ocrx_word' id='word_1_293' title='bbox 804 3767 940 3816; x_wconf 73' lang='lat' dir='ltr'><strong>dr&#39;vr&#39;nando</strong></span> <span class='ocrx_word' id='word_1_294' title='bbox 959 3785 1000 3819; x_wconf 84' lang='lat' dir='ltr'><strong>res</strong></span> <span class='ocrx_word' id='word_1_295' title='bbox 1019 3786 1034 3818; x_wconf 89' lang='lat' dir='ltr'><strong>a</strong></span> <span class='ocrx_word' id='word_1_296' title='bbox 1051 3787 1094 3822; x_wconf 90' lang='lat' dir='ltr'><strong>me</strong></span> <span class='ocrx_word' id='word_1_297' title='bbox 1114 3780 1185 3839; x_wconf 82' lang='lat' dir='ltr'><strong>gesta</strong></span> 
     </span>
     <span class='ocr_line' id='line_1_34' title="bbox 113 3840 1185 3914; baseline 0 -16"><span class='ocrx_word' id='word_1_298' title='bbox 113 3857 213 3914; x_wconf 89' lang='lat' dir='ltr'><strong>traret,</strong></span> <span class='ocrx_word' id='word_1_299' title='bbox 232 3857 259 3900; x_wconf 89' lang='lat' dir='ltr'><strong>et</strong></span> <span class='ocrx_word' id='word_1_300' title='bbox 276 3843 482 3914; x_wconf 81' lang='lat' dir='ltr'><strong>diligentioribus</strong></span> <span class='ocrx_word' id='word_1_301' title='bbox 498 3840 623 3911; x_wconf 90' lang='lat' dir='ltr'><strong>quidem,</strong></span> <span class='ocrx_word' id='word_1_302' title='bbox 673 3851 712 3894; x_wconf 84' lang='lat' dir='ltr'><strong>est</strong></span> <span class='ocrx_word' id='word_1_303' title='bbox 724 3863 746 3892; x_wconf 70' lang='lat' dir='ltr'><strong>s.</strong></span> <span class='ocrx_word' id='word_1_304' title='bbox 764 3841 865 3894; x_wconf 81' lang='lat' dir='ltr'><strong>Hurns.</strong></span> <span class='ocrx_word' id='word_1_305' title='bbox 876 3869 909 3882; x_wconf 86' lang='lat'><em>-</em></span> <span class='ocrx_word' id='word_1_306' title='bbox 920 3843 1007 3896; x_wconf 89' lang='lat' dir='ltr'><strong>Litem</strong></span> <span class='ocrx_word' id='word_1_307' title='bbox 1019 3844 1087 3898; x_wconf 87' lang='lat' dir='ltr'><strong>hanc</strong></span> <span class='ocrx_word' id='word_1_308' title='bbox 1102 3845 1185 3900; x_wconf 88' lang='lat' dir='ltr'><strong>lector</strong></span> 
     </span>
     <span class='ocr_line' id='line_1_35' title="bbox 113 3917 1185 3994; baseline -0.003 -15"><span class='ocrx_word' id='word_1_309' title='bbox 113 3943 194 3992; x_wconf 86' lang='lat' dir='ltr'><strong>quarn</strong></span> <span class='ocrx_word' id='word_1_310' title='bbox 204 3945 248 3978; x_wconf 84' lang='lat' dir='ltr'><strong>res</strong></span> <span class='ocrx_word' id='word_1_311' title='bbox 261 3923 317 3994; x_wconf 88' lang='lat' dir='ltr'><strong>ipsa</strong></span> <span class='ocrx_word' id='word_1_312' title='bbox 334 3919 463 3992; x_wconf 85' lang='lat' dir='ltr'><strong>postulare</strong></span> <span class='ocrx_word' id='word_1_313' title='bbox 480 3919 624 3972; x_wconf 88' lang='lat' dir='ltr'><strong>videbatur.</strong></span> <span class='ocrx_word' id='word_1_314' title='bbox 674 3937 726 3988; x_wconf 84' lang='lat' dir='ltr'><strong>quo</strong></span> <span class='ocrx_word' id='word_1_315' title='bbox 738 3917 845 3971; x_wconf 80' lang='lat' dir='ltr'><strong>dirimat</strong></span> <span class='ocrx_word' id='word_1_316' title='bbox 853 3920 964 3988; x_wconf 73' lang='lat' dir='ltr'><strong>facilius,</strong></span> <span class='ocrx_word' id='word_1_317' title='bbox 977 3941 1053 3974; x_wconf 88' lang='lat' dir='ltr'><strong>suam</strong></span> <span class='ocrx_word' id='word_1_318' title='bbox 1063 3923 1185 3992; x_wconf 80' lang='lat' dir='ltr'><strong>Epistolae</strong></span> 
     </span>
     <span class='ocr_line' id='line_1_36' title="bbox 114 3998 1183 4069; baseline 0.003 -19"><span class='ocrx_word' id='word_1_319' title='bbox 114 4001 157 4056; x_wconf 79' lang='lat' dir='ltr'><strong>Sic</strong></span> <span class='ocrx_word' id='word_1_320' title='bbox 167 4003 212 4057; x_wconf 77' lang='lat' dir='ltr'><strong>ille</strong></span> <span class='ocrx_word' id='word_1_321' title='bbox 224 4025 231 4058; x_wconf 89' lang='lat'>:</span> <span class='ocrx_word' id='word_1_322' title='bbox 243 4000 358 4058; x_wconf 76' lang='lat' dir='ltr'><strong>«Nullos</strong></span> <span class='ocrx_word' id='word_1_323' title='bbox 368 3999 456 4052; x_wconf 85' lang='lat' dir='ltr'><strong>videre</strong></span> <span class='ocrx_word' id='word_1_324' title='bbox 467 3998 533 4056; x_wconf 87' lang='lat' dir='ltr'><strong>mihi</strong></span> <span class='ocrx_word' id='word_1_325' title='bbox 543 3998 625 4052; x_wconf 89' lang='lat' dir='ltr'><strong>conti·</strong></span> <span class='ocrx_word' id='word_1_326' title='bbox 673 3998 767 4066; x_wconf 90' lang='lat' dir='ltr'><strong>cuique</strong></span> <span class='ocrx_word' id='word_1_327' title='bbox 789 3999 989 4067; x_wconf 85' lang='lat' dir='ltr'><strong>responsionem</strong></span> <span class='ocrx_word' id='word_1_328' title='bbox 1004 4001 1162 4069; x_wconf 82' lang='lat' dir='ltr'><strong>subjecimus</strong></span> <span class='ocrx_word' id='word_1_329' title='bbox 1176 4041 1183 4066; x_wconf 90' lang='lat'><strong>,</strong></span> 
     </span>
     <span class='ocr_line' id='line_1_37' title="bbox 113 4075 1185 4152; baseline -0.004 -16"><span class='ocrx_word' id='word_1_330' title='bbox 113 4083 150 4152; x_wconf 75' lang='lat' dir='ltr'><strong>git</strong></span> <span class='ocrx_word' id='word_1_331' title='bbox 158 4082 261 4136; x_wconf 86' lang='lat' dir='ltr'><strong>codices</strong></span> <span class='ocrx_word' id='word_1_332' title='bbox 269 4099 353 4134; x_wconf 84' lang='lat' dir='ltr'><strong>mauu</strong></span> <span class='ocrx_word' id='word_1_333' title='bbox 362 4079 523 4145; x_wconf 84' lang='lat' dir='ltr'><strong>exaratos,in</strong></span> <span class='ocrx_word' id='word_1_334' title='bbox 532 4077 625 4146; x_wconf 75' lang='lat' dir='ltr'><strong>quibus</strong></span> <span class='ocrx_word' id='word_1_335' title='bbox 675 4095 733 4144; x_wconf 81' lang='lat' dir='ltr'><strong>quae</strong></span> <span class='ocrx_word' id='word_1_336' title='bbox 741 4075 817 4146; x_wconf 82' lang='lat' dir='ltr'><strong>vulgo</strong></span> <span class='ocrx_word' id='word_1_337' title='bbox 830 4075 862 4128; x_wconf 84' lang='lat' dir='ltr'><strong>ad</strong></span> <span class='ocrx_word' id='word_1_338' title='bbox 873 4077 1013 4130; x_wconf 77' lang='lat' dir='ltr'><strong>voluminis</strong></span> <span class='ocrx_word' id='word_1_339' title='bbox 1025 4077 1122 4130; x_wconf 84' lang='lat' dir='ltr'><strong>calcem</strong></span> <span class='ocrx_word' id='word_1_340' title='bbox 1137 4079 1185 4147; x_wconf 48' lang='lat' dir='ltr'><strong>juff</strong></span> 
     </span>
     <span class='ocr_line' id='line_1_38' title="bbox 115 4153 894 4227; baseline -0.013 -11"><span class='ocrx_word' id='word_1_341' title='bbox 115 4158 155 4216; x_wconf 70' lang='lat' dir='ltr'><strong>hae</strong></span> <span class='ocrx_word' id='word_1_342' title='bbox 175 4169 310 4216; x_wconf 80' lang='lat' dir='ltr'><strong>exstarent</strong></span> <span class='ocrx_word' id='word_1_343' title='bbox 329 4157 451 4227; x_wconf 84' lang='lat' dir='ltr'><strong>epistolae.</strong></span> <span class='ocrx_word' id='word_1_344' title='bbox 479 4157 512 4210; x_wconf 91' lang='lat' dir='ltr'><strong>Iu</strong></span> <span class='ocrx_word' id='word_1_345' title='bbox 535 4155 625 4227; x_wconf 81' lang='lat' dir='ltr'><strong>primis</strong></span> <span class='ocrx_word' id='word_1_346' title='bbox 674 4153 772 4208; x_wconf 87' lang='lat' dir='ltr'><strong>bentur</strong></span> <span class='ocrx_word' id='word_1_347' title='bbox 783 4154 894 4206; x_wconf 83' lang='lat' dir='ltr'><strong>exulare.</strong></span> 
     </span>
     <span class='ocr_line' id='line_1_39' title="bbox 115 4227 1188 4314; baseline 0.004 -24"><span class='ocrx_word' id='word_1_348' title='bbox 115 4239 194 4296; x_wconf 82' lang='lat' dir='ltr'><strong>etiam</strong></span> <span class='ocrx_word' id='word_1_349' title='bbox 212 4227 272 4294; x_wconf 84' lang='lat' dir='ltr'><strong>edd.</strong></span> <span class='ocrx_word' id='word_1_350' title='bbox 288 4235 486 4308; x_wconf 66' lang='lat' dir='ltr'><strong>desiderantur,</strong></span> <span class='ocrx_word' id='word_1_351' title='bbox 499 4254 551 4302; x_wconf 78' lang='lat' dir='ltr'><strong>nee</strong></span> <span class='ocrx_word' id='word_1_352' title='bbox 566 4233 626 4290; x_wconf 82' lang='lat' dir='ltr'><strong>satis</strong></span> <span class='ocrx_word' id='word_1_353' title='bbox 708 4232 731 4285; x_wconf 83' lang='lat'><strong>3.</strong></span> <span class='ocrx_word' id='word_1_354' title='bbox 744 4231 1188 4314; x_wconf 78' lang='lat' dir='ltr'><strong>Gemmasqrefideles.Annulossci·</strong></span> 
     </span>
    </p>
   </div>
   <div class='ocr_carea' id='block_1_7' title="bbox 233 4329 1046 4397">
    <p class='ocr_par' dir='ltr' id='par_1_7' title="bbox 233 4329 1046 4397">
     <span class='ocr_line' id='line_1_40' title="bbox 233 4329 1046 4397; baseline -0.009 0"><span class='ocrx_word' id='word_1_355' title='bbox 233 4329 265 4397; x_wconf 90' lang='grc' dir='ltr'><strong>Ι.</strong></span> <span class='ocrx_word' id='word_1_356' title='bbox 1028 4349 1046 4390; x_wconf 79' lang='lat'><strong>2</strong></span> 
     </span>
    </p>
   </div>
   <div class='ocr_carea' id='block_1_8' title="bbox 0 0 1441 4992">
    <p class='ocr_par' dir='ltr' id='par_1_8' title="bbox 0 0 1441 4992">
     <span class='ocr_line' id='line_1_41' title="bbox 0 0 1441 4992; baseline 0 0"><span class='ocrx_word' id='word_1_357' title='bbox 0 0 1441 4992; x_wconf 95' lang='lat' dir='ltr'><strong> </strong></span> 
     </span>
    </p>
   </div>
  </div>
 </body>
</html>
